%YAML 1.1
%TAG !u! tag:unity3d.com,2011:
--- !u!1 &1435147841851516998
GameObject:
  m_ObjectHideFlags: 0
  m_CorrespondingSourceObject: {fileID: 0}
  m_PrefabInstance: {fileID: 0}
  m_PrefabAsset: {fileID: 0}
  serializedVersion: 6
  m_Component:
  - component: {fileID: 6850227843150725700}
  - component: {fileID: 2525285477752322492}
  - component: {fileID: 7603921015800237558}
  - component: {fileID: 1836590602593507110}
  m_Layer: 5
  m_Name: Text (TMP)
  m_TagString: Untagged
  m_Icon: {fileID: 0}
  m_NavMeshLayer: 0
  m_StaticEditorFlags: 0
  m_IsActive: 1
--- !u!224 &6850227843150725700
RectTransform:
  m_ObjectHideFlags: 0
  m_CorrespondingSourceObject: {fileID: 0}
  m_PrefabInstance: {fileID: 0}
  m_PrefabAsset: {fileID: 0}
  m_GameObject: {fileID: 1435147841851516998}
  m_LocalRotation: {x: 0, y: 0, z: 0, w: 1}
  m_LocalPosition: {x: 0, y: 0, z: 0}
  m_LocalScale: {x: 1, y: 1, z: 1}
  m_ConstrainProportionsScale: 0
  m_Children: []
  m_Father: {fileID: 6454829573732161140}
  m_RootOrder: 2
  m_LocalEulerAnglesHint: {x: 0, y: 0, z: 0}
  m_AnchorMin: {x: 0, y: 0}
  m_AnchorMax: {x: 1, y: 1}
  m_AnchoredPosition: {x: 0, y: 0}
  m_SizeDelta: {x: 0, y: 0}
  m_Pivot: {x: 0.5, y: 0.5}
--- !u!222 &2525285477752322492
CanvasRenderer:
  m_ObjectHideFlags: 0
  m_CorrespondingSourceObject: {fileID: 0}
  m_PrefabInstance: {fileID: 0}
  m_PrefabAsset: {fileID: 0}
  m_GameObject: {fileID: 1435147841851516998}
  m_CullTransparentMesh: 1
--- !u!114 &7603921015800237558
MonoBehaviour:
  m_ObjectHideFlags: 0
  m_CorrespondingSourceObject: {fileID: 0}
  m_PrefabInstance: {fileID: 0}
  m_PrefabAsset: {fileID: 0}
  m_GameObject: {fileID: 1435147841851516998}
  m_Enabled: 1
  m_EditorHideFlags: 0
  m_Script: {fileID: 11500000, guid: f4688fdb7df04437aeb418b961361dc5, type: 3}
  m_Name: 
  m_EditorClassIdentifier: 
  m_Material: {fileID: 0}
  m_Color: {r: 1, g: 1, b: 1, a: 1}
  m_RaycastTarget: 0
  m_RaycastPadding: {x: 0, y: 0, z: 0, w: 0}
  m_Maskable: 1
  m_OnCullStateChanged:
    m_PersistentCalls:
      m_Calls: []
  m_text: "\u0410"
  m_isRightToLeft: 0
  m_fontAsset: {fileID: 11400000, guid: 8f586378b4e144a9851e7b34d9b748ee, type: 2}
  m_sharedMaterial: {fileID: 2180264, guid: 8f586378b4e144a9851e7b34d9b748ee, type: 2}
  m_fontSharedMaterials: []
  m_fontMaterial: {fileID: 0}
  m_fontMaterials: []
  m_fontColor32:
    serializedVersion: 2
    rgba: 4278190080
  m_fontColor: {r: 0, g: 0, b: 0, a: 1}
  m_enableVertexGradient: 0
  m_colorMode: 3
  m_fontColorGradient:
    topLeft: {r: 1, g: 1, b: 1, a: 1}
    topRight: {r: 1, g: 1, b: 1, a: 1}
    bottomLeft: {r: 1, g: 1, b: 1, a: 1}
    bottomRight: {r: 1, g: 1, b: 1, a: 1}
  m_fontColorGradientPreset: {fileID: 0}
  m_spriteAsset: {fileID: 0}
  m_tintAllSprites: 0
  m_StyleSheet: {fileID: 0}
  m_TextStyleHashCode: -1183493901
  m_overrideHtmlColors: 0
  m_faceColor:
    serializedVersion: 2
    rgba: 4294967295
  m_fontSize: 36
  m_fontSizeBase: 36
  m_fontWeight: 400
  m_enableAutoSizing: 1
  m_fontSizeMin: 0
  m_fontSizeMax: 36
  m_fontStyle: 0
  m_HorizontalAlignment: 2
  m_VerticalAlignment: 512
  m_textAlignment: 65535
  m_characterSpacing: 0
  m_wordSpacing: 0
  m_lineSpacing: 0
  m_lineSpacingMax: 0
  m_paragraphSpacing: 0
  m_charWidthMaxAdj: 0
  m_enableWordWrapping: 0
  m_wordWrappingRatios: 0.4
  m_overflowMode: 0
  m_linkedTextComponent: {fileID: 0}
  parentLinkedComponent: {fileID: 0}
  m_enableKerning: 1
  m_enableExtraPadding: 0
  checkPaddingRequired: 0
  m_isRichText: 1
  m_parseCtrlCharacters: 1
  m_isOrthographic: 1
  m_isCullingEnabled: 0
  m_horizontalMapping: 0
  m_verticalMapping: 0
  m_uvLineOffset: 0
  m_geometrySortingOrder: 0
  m_IsTextObjectScaleStatic: 0
  m_VertexBufferAutoSizeReduction: 0
  m_useMaxVisibleDescender: 1
  m_pageToDisplay: 1
  m_margin: {x: 0, y: 0, z: 0, w: 0}
  m_isUsingLegacyAnimationComponent: 0
  m_isVolumetricText: 0
  m_hasFontAssetChanged: 0
  m_baseMaterial: {fileID: 0}
  m_maskOffset: {x: 0, y: 0, z: 0, w: 0}
--- !u!114 &1836590602593507110
MonoBehaviour:
  m_ObjectHideFlags: 0
  m_CorrespondingSourceObject: {fileID: 0}
  m_PrefabInstance: {fileID: 0}
  m_PrefabAsset: {fileID: 0}
  m_GameObject: {fileID: 1435147841851516998}
  m_Enabled: 1
  m_EditorHideFlags: 0
  m_Script: {fileID: 11500000, guid: 6180f8bb335f434480046122ccb888f5, type: 3}
  m_Name: 
  m_EditorClassIdentifier: 
  autoTranslateOnStart: 1
  key: Target_A
--- !u!1 &4163279692048639360
GameObject:
  m_ObjectHideFlags: 0
  m_CorrespondingSourceObject: {fileID: 0}
  m_PrefabInstance: {fileID: 0}
  m_PrefabAsset: {fileID: 0}
  serializedVersion: 6
  m_Component:
  - component: {fileID: 1759576239923115010}
  - component: {fileID: 1690676798729709408}
  - component: {fileID: 5220692373420769585}
  - component: {fileID: -8338426217356722714}
  - component: {fileID: 5950707678264407024}
  m_Layer: 5
  m_Name: ZoneTarget
  m_TagString: Untagged
  m_Icon: {fileID: 0}
  m_NavMeshLayer: 0
  m_StaticEditorFlags: 0
  m_IsActive: 1
--- !u!224 &1759576239923115010
RectTransform:
  m_ObjectHideFlags: 0
  m_CorrespondingSourceObject: {fileID: 0}
  m_PrefabInstance: {fileID: 0}
  m_PrefabAsset: {fileID: 0}
  m_GameObject: {fileID: 4163279692048639360}
  m_LocalRotation: {x: 0, y: 0, z: 0, w: 1}
  m_LocalPosition: {x: 0, y: 0, z: 0}
  m_LocalScale: {x: 1, y: 1, z: 1}
  m_ConstrainProportionsScale: 0
  m_Children:
  - {fileID: 1525950331553692842}
  - {fileID: 4492966609789009372}
  m_Father: {fileID: 0}
  m_RootOrder: 0
  m_LocalEulerAnglesHint: {x: 0, y: 0, z: 0}
  m_AnchorMin: {x: 0.5, y: 0.5}
  m_AnchorMax: {x: 0.5, y: 0.5}
  m_AnchoredPosition: {x: 0, y: 0}
  m_SizeDelta: {x: 0, y: 0}
  m_Pivot: {x: 0.5, y: 0.5}
--- !u!222 &1690676798729709408
CanvasRenderer:
  m_ObjectHideFlags: 0
  m_CorrespondingSourceObject: {fileID: 0}
  m_PrefabInstance: {fileID: 0}
  m_PrefabAsset: {fileID: 0}
  m_GameObject: {fileID: 4163279692048639360}
  m_CullTransparentMesh: 1
--- !u!114 &5220692373420769585
MonoBehaviour:
  m_ObjectHideFlags: 0
  m_CorrespondingSourceObject: {fileID: 0}
  m_PrefabInstance: {fileID: 0}
  m_PrefabAsset: {fileID: 0}
  m_GameObject: {fileID: 4163279692048639360}
  m_Enabled: 1
  m_EditorHideFlags: 0
  m_Script: {fileID: 11500000, guid: ea81647a8b804dc496882b5b3a6f3735, type: 3}
  m_Name: 
  m_EditorClassIdentifier: 
  m_Material: {fileID: 0}
  m_Color: {r: 0, g: 0.8745098, b: 0.6117647, a: 1}
  m_RaycastTarget: 1
  m_RaycastPadding: {x: 0, y: 0, z: 0, w: 0}
  m_Maskable: 1
  m_OnCullStateChanged:
    m_PersistentCalls:
      m_Calls: []
  m_Sprite: {fileID: 0}
  m_Type: 0
  m_PreserveAspect: 0
  m_FillCenter: 1
  m_FillMethod: 4
  m_FillAmount: 1
  m_FillClockwise: 1
  m_FillOrigin: 0
  m_UseSpriteMesh: 0
  m_PixelsPerUnitMultiplier: 1
  Width: 0
  Progress: 0
--- !u!114 &-8338426217356722714
MonoBehaviour:
  m_ObjectHideFlags: 0
  m_CorrespondingSourceObject: {fileID: 0}
  m_PrefabInstance: {fileID: 0}
  m_PrefabAsset: {fileID: 0}
  m_GameObject: {fileID: 4163279692048639360}
  m_Enabled: 1
  m_EditorHideFlags: 0
  m_Script: {fileID: 11500000, guid: b1ee8f9b61764461bddf370f54835942, type: 3}
  m_Name: 
  m_EditorClassIdentifier: 
  _type: 1
  _animator: {fileID: 5950707678264407024}
  _animationTriggers:
  - Type: 0
    TriggerName: Spawn
  - Type: 1
    TriggerName: Destroy
  - Type: 2
    TriggerName: New
  - Type: 3
    TriggerName: Selected
  - Type: 4
    TriggerName: Missed
  - Type: 5
    TriggerName: WarmUp
  _selfRectTransform: {fileID: 1759576239923115010}
  _zone: {fileID: 5220692373420769585}
  _cubeMark: {fileID: 4492966609789009372}
  _cubeMarkCG: {fileID: 5834916607650622368}
  _lable: {fileID: 1141693606406187297}
  _lableMark: {fileID: 1836590602593507110}
  TrigPos: {fileID: 0}
--- !u!95 &5950707678264407024
Animator:
  serializedVersion: 4
  m_ObjectHideFlags: 0
  m_CorrespondingSourceObject: {fileID: 0}
  m_PrefabInstance: {fileID: 0}
  m_PrefabAsset: {fileID: 0}
  m_GameObject: {fileID: 4163279692048639360}
  m_Enabled: 1
  m_Avatar: {fileID: 0}
  m_Controller: {fileID: 9100000, guid: c37f3c2327f768141a6c89856dd1a826, type: 2}
  m_CullingMode: 0
  m_UpdateMode: 0
  m_ApplyRootMotion: 0
  m_LinearVelocityBlending: 0
  m_StabilizeFeet: 0
  m_WarningMessage: 
  m_HasTransformHierarchy: 1
  m_AllowConstantClipSamplingOptimization: 1
  m_KeepAnimatorControllerStateOnDisable: 0
--- !u!1 &4535045869194396549
GameObject:
  m_ObjectHideFlags: 0
  m_CorrespondingSourceObject: {fileID: 0}
  m_PrefabInstance: {fileID: 0}
  m_PrefabAsset: {fileID: 0}
  serializedVersion: 6
  m_Component:
  - component: {fileID: 4492966609789009372}
  - component: {fileID: 3289281730412426353}
  m_Layer: 5
  m_Name: SlotTarget
  m_TagString: Untagged
  m_Icon: {fileID: 0}
  m_NavMeshLayer: 0
  m_StaticEditorFlags: 0
  m_IsActive: 1
--- !u!224 &4492966609789009372
RectTransform:
  m_ObjectHideFlags: 0
  m_CorrespondingSourceObject: {fileID: 0}
  m_PrefabInstance: {fileID: 0}
  m_PrefabAsset: {fileID: 0}
  m_GameObject: {fileID: 4535045869194396549}
  m_LocalRotation: {x: 0, y: 0, z: 0, w: 1}
  m_LocalPosition: {x: 0, y: 0, z: 0}
  m_LocalScale: {x: 1, y: 1, z: 1}
  m_ConstrainProportionsScale: 0
  m_Children:
  - {fileID: 6454829573732161140}
  m_Father: {fileID: 1759576239923115010}
  m_RootOrder: 1
  m_LocalEulerAnglesHint: {x: 0, y: 0, z: 0}
  m_AnchorMin: {x: 0.5, y: 0.5}
  m_AnchorMax: {x: 0.5, y: 0.5}
  m_AnchoredPosition: {x: 0, y: 0}
  m_SizeDelta: {x: 60, y: 60}
  m_Pivot: {x: 0.5, y: 0.5}
--- !u!225 &3289281730412426353
CanvasGroup:
  m_ObjectHideFlags: 0
  m_CorrespondingSourceObject: {fileID: 0}
  m_PrefabInstance: {fileID: 0}
  m_PrefabAsset: {fileID: 0}
  m_GameObject: {fileID: 4535045869194396549}
  m_Enabled: 1
  m_Alpha: 1
  m_Interactable: 1
  m_BlocksRaycasts: 1
  m_IgnoreParentGroups: 0
--- !u!1 &8533610335822223060
GameObject:
  m_ObjectHideFlags: 0
  m_CorrespondingSourceObject: {fileID: 0}
  m_PrefabInstance: {fileID: 0}
  m_PrefabAsset: {fileID: 0}
  serializedVersion: 6
  m_Component:
  - component: {fileID: 6454829573732161140}
  - component: {fileID: 5676254108640562099}
  - component: {fileID: 5834916607650622368}
  m_Layer: 5
  m_Name: SlotTarget (1)
  m_TagString: Untagged
  m_Icon: {fileID: 0}
  m_NavMeshLayer: 0
  m_StaticEditorFlags: 0
  m_IsActive: 1
--- !u!224 &6454829573732161140
RectTransform:
  m_ObjectHideFlags: 0
  m_CorrespondingSourceObject: {fileID: 0}
  m_PrefabInstance: {fileID: 0}
  m_PrefabAsset: {fileID: 0}
  m_GameObject: {fileID: 8533610335822223060}
  m_LocalRotation: {x: -0, y: -0, z: -0, w: 1}
  m_LocalPosition: {x: 0, y: 0, z: 0}
  m_LocalScale: {x: 1, y: 1, z: 1}
  m_ConstrainProportionsScale: 0
  m_Children:
  - {fileID: 9107876538186967098}
  - {fileID: 2356640608090059456}
  - {fileID: 6850227843150725700}
  m_Father: {fileID: 4492966609789009372}
  m_RootOrder: 0
  m_LocalEulerAnglesHint: {x: 0, y: 0, z: 0}
  m_AnchorMin: {x: 0.5, y: 0.5}
  m_AnchorMax: {x: 0.5, y: 0.5}
  m_AnchoredPosition: {x: 0, y: 0}
  m_SizeDelta: {x: 60, y: 60}
  m_Pivot: {x: 0.5, y: 0.5}
--- !u!114 &5676254108640562099
MonoBehaviour:
  m_ObjectHideFlags: 0
  m_CorrespondingSourceObject: {fileID: 0}
  m_PrefabInstance: {fileID: 0}
  m_PrefabAsset: {fileID: 0}
  m_GameObject: {fileID: 8533610335822223060}
  m_Enabled: 1
  m_EditorHideFlags: 0
  m_Script: {fileID: 11500000, guid: dab58db8e2124ad5845020e4bb48188e, type: 3}
  m_Name: 
  m_EditorClassIdentifier: 
  _selfTransform: {fileID: 6454829573732161140}
  _main: {fileID: 1115159369135383204}
  mainSquare:
    Size: 60
    Width: 2.6
    BorderColor: {r: 1, g: 1, b: 1, a: 1}
    FillColor: {r: 1, g: 1, b: 1, a: 1}
  _pulseBorder: {fileID: 5883956042606000222}
  pulseSquare:
    Size: 0
    Width: 0
    BorderColor: {r: 0, g: 0, b: 0, a: 0}
    FillColor: {r: 0, g: 0, b: 0, a: 0}
  _text: {fileID: 7603921015800237558}
  textColor: {r: 0, g: 0, b: 0, a: 1}
--- !u!225 &5834916607650622368
CanvasGroup:
  m_ObjectHideFlags: 0
  m_CorrespondingSourceObject: {fileID: 0}
  m_PrefabInstance: {fileID: 0}
  m_PrefabAsset: {fileID: 0}
  m_GameObject: {fileID: 8533610335822223060}
  m_Enabled: 1
  m_Alpha: 1
  m_Interactable: 1
  m_BlocksRaycasts: 1
  m_IgnoreParentGroups: 0
--- !u!1001 &4028496535503990541
PrefabInstance:
  m_ObjectHideFlags: 0
  serializedVersion: 2
  m_Modification:
    m_TransformParent: {fileID: 6454829573732161140}
    m_Modifications:
    - target: {fileID: 1683326347468643789, guid: f3c2db5859e54114a9bb6b0ad030a7df, type: 3}
      propertyPath: m_Pivot.x
      value: 0.5
      objectReference: {fileID: 0}
    - target: {fileID: 1683326347468643789, guid: f3c2db5859e54114a9bb6b0ad030a7df, type: 3}
      propertyPath: m_Pivot.y
      value: 0.5
      objectReference: {fileID: 0}
    - target: {fileID: 1683326347468643789, guid: f3c2db5859e54114a9bb6b0ad030a7df, type: 3}
      propertyPath: m_RootOrder
      value: 1
      objectReference: {fileID: 0}
    - target: {fileID: 1683326347468643789, guid: f3c2db5859e54114a9bb6b0ad030a7df, type: 3}
      propertyPath: m_AnchorMax.x
      value: 0.5
      objectReference: {fileID: 0}
    - target: {fileID: 1683326347468643789, guid: f3c2db5859e54114a9bb6b0ad030a7df, type: 3}
      propertyPath: m_AnchorMax.y
      value: 0.5
      objectReference: {fileID: 0}
    - target: {fileID: 1683326347468643789, guid: f3c2db5859e54114a9bb6b0ad030a7df, type: 3}
      propertyPath: m_AnchorMin.x
      value: 0.5
      objectReference: {fileID: 0}
    - target: {fileID: 1683326347468643789, guid: f3c2db5859e54114a9bb6b0ad030a7df, type: 3}
      propertyPath: m_AnchorMin.y
      value: 0.5
      objectReference: {fileID: 0}
    - target: {fileID: 1683326347468643789, guid: f3c2db5859e54114a9bb6b0ad030a7df, type: 3}
      propertyPath: m_SizeDelta.x
      value: 60
      objectReference: {fileID: 0}
    - target: {fileID: 1683326347468643789, guid: f3c2db5859e54114a9bb6b0ad030a7df, type: 3}
      propertyPath: m_SizeDelta.y
      value: 60
      objectReference: {fileID: 0}
    - target: {fileID: 1683326347468643789, guid: f3c2db5859e54114a9bb6b0ad030a7df, type: 3}
      propertyPath: m_LocalPosition.x
      value: 0
      objectReference: {fileID: 0}
    - target: {fileID: 1683326347468643789, guid: f3c2db5859e54114a9bb6b0ad030a7df, type: 3}
      propertyPath: m_LocalPosition.y
      value: 0
      objectReference: {fileID: 0}
    - target: {fileID: 1683326347468643789, guid: f3c2db5859e54114a9bb6b0ad030a7df, type: 3}
      propertyPath: m_LocalPosition.z
      value: 0
      objectReference: {fileID: 0}
    - target: {fileID: 1683326347468643789, guid: f3c2db5859e54114a9bb6b0ad030a7df, type: 3}
      propertyPath: m_LocalRotation.w
      value: 0.92387956
      objectReference: {fileID: 0}
    - target: {fileID: 1683326347468643789, guid: f3c2db5859e54114a9bb6b0ad030a7df, type: 3}
      propertyPath: m_LocalRotation.x
      value: 0
      objectReference: {fileID: 0}
    - target: {fileID: 1683326347468643789, guid: f3c2db5859e54114a9bb6b0ad030a7df, type: 3}
      propertyPath: m_LocalRotation.y
      value: 0
      objectReference: {fileID: 0}
    - target: {fileID: 1683326347468643789, guid: f3c2db5859e54114a9bb6b0ad030a7df, type: 3}
      propertyPath: m_LocalRotation.z
      value: 0.38268343
      objectReference: {fileID: 0}
    - target: {fileID: 1683326347468643789, guid: f3c2db5859e54114a9bb6b0ad030a7df, type: 3}
      propertyPath: m_AnchoredPosition.x
      value: 0
      objectReference: {fileID: 0}
    - target: {fileID: 1683326347468643789, guid: f3c2db5859e54114a9bb6b0ad030a7df, type: 3}
      propertyPath: m_AnchoredPosition.y
      value: 0
      objectReference: {fileID: 0}
    - target: {fileID: 1683326347468643789, guid: f3c2db5859e54114a9bb6b0ad030a7df, type: 3}
      propertyPath: m_LocalEulerAnglesHint.x
      value: 0
      objectReference: {fileID: 0}
    - target: {fileID: 1683326347468643789, guid: f3c2db5859e54114a9bb6b0ad030a7df, type: 3}
      propertyPath: m_LocalEulerAnglesHint.y
      value: 0
      objectReference: {fileID: 0}
    - target: {fileID: 1683326347468643789, guid: f3c2db5859e54114a9bb6b0ad030a7df, type: 3}
      propertyPath: m_LocalEulerAnglesHint.z
      value: 45
      objectReference: {fileID: 0}
    - target: {fileID: 1683326347468643790, guid: f3c2db5859e54114a9bb6b0ad030a7df, type: 3}
      propertyPath: m_Name
      value: Square
      objectReference: {fileID: 0}
    - target: {fileID: 2353829046282031426, guid: f3c2db5859e54114a9bb6b0ad030a7df, type: 3}
      propertyPath: m_Color.a
      value: 1
      objectReference: {fileID: 0}
    - target: {fileID: 2353829046282031426, guid: f3c2db5859e54114a9bb6b0ad030a7df, type: 3}
      propertyPath: m_Color.b
      value: 1
      objectReference: {fileID: 0}
    - target: {fileID: 2353829046282031426, guid: f3c2db5859e54114a9bb6b0ad030a7df, type: 3}
      propertyPath: m_Color.g
      value: 1
      objectReference: {fileID: 0}
    - target: {fileID: 2353829046282031426, guid: f3c2db5859e54114a9bb6b0ad030a7df, type: 3}
      propertyPath: m_Color.r
      value: 1
      objectReference: {fileID: 0}
    - target: {fileID: 6384942437188969873, guid: f3c2db5859e54114a9bb6b0ad030a7df, type: 3}
      propertyPath: m_Color.a
      value: 1
      objectReference: {fileID: 0}
    - target: {fileID: 6384942437188969873, guid: f3c2db5859e54114a9bb6b0ad030a7df, type: 3}
      propertyPath: m_Color.b
      value: 1
      objectReference: {fileID: 0}
    - target: {fileID: 6384942437188969873, guid: f3c2db5859e54114a9bb6b0ad030a7df, type: 3}
      propertyPath: m_Color.g
      value: 1
      objectReference: {fileID: 0}
    - target: {fileID: 6384942437188969873, guid: f3c2db5859e54114a9bb6b0ad030a7df, type: 3}
      propertyPath: m_Color.r
      value: 1
      objectReference: {fileID: 0}
    - target: {fileID: 7001775354393227719, guid: f3c2db5859e54114a9bb6b0ad030a7df, type: 3}
      propertyPath: m_Color.a
      value: 1
      objectReference: {fileID: 0}
    - target: {fileID: 7001775354393227719, guid: f3c2db5859e54114a9bb6b0ad030a7df, type: 3}
      propertyPath: m_Color.b
      value: 1
      objectReference: {fileID: 0}
    - target: {fileID: 7001775354393227719, guid: f3c2db5859e54114a9bb6b0ad030a7df, type: 3}
      propertyPath: m_Color.g
      value: 1
      objectReference: {fileID: 0}
    - target: {fileID: 7001775354393227719, guid: f3c2db5859e54114a9bb6b0ad030a7df, type: 3}
      propertyPath: m_Color.r
      value: 1
      objectReference: {fileID: 0}
    - target: {fileID: 7152232393271335363, guid: f3c2db5859e54114a9bb6b0ad030a7df, type: 3}
      propertyPath: m_SizeDelta.x
      value: 57.4
      objectReference: {fileID: 0}
    - target: {fileID: 7152232393271335363, guid: f3c2db5859e54114a9bb6b0ad030a7df, type: 3}
      propertyPath: m_SizeDelta.y
      value: 2.6
      objectReference: {fileID: 0}
    - target: {fileID: 7703909977205700355, guid: f3c2db5859e54114a9bb6b0ad030a7df, type: 3}
      propertyPath: m_Color.a
      value: 1
      objectReference: {fileID: 0}
    - target: {fileID: 7703909977205700355, guid: f3c2db5859e54114a9bb6b0ad030a7df, type: 3}
      propertyPath: m_Color.b
      value: 1
      objectReference: {fileID: 0}
    - target: {fileID: 7703909977205700355, guid: f3c2db5859e54114a9bb6b0ad030a7df, type: 3}
      propertyPath: m_Color.g
      value: 1
      objectReference: {fileID: 0}
    - target: {fileID: 7703909977205700355, guid: f3c2db5859e54114a9bb6b0ad030a7df, type: 3}
      propertyPath: m_Color.r
      value: 1
      objectReference: {fileID: 0}
    - target: {fileID: 8170056647905564203, guid: f3c2db5859e54114a9bb6b0ad030a7df, type: 3}
      propertyPath: m_Color.a
      value: 1
      objectReference: {fileID: 0}
    - target: {fileID: 8170056647905564203, guid: f3c2db5859e54114a9bb6b0ad030a7df, type: 3}
      propertyPath: m_Color.b
      value: 1
      objectReference: {fileID: 0}
    - target: {fileID: 8170056647905564203, guid: f3c2db5859e54114a9bb6b0ad030a7df, type: 3}
      propertyPath: m_Color.g
      value: 1
      objectReference: {fileID: 0}
    - target: {fileID: 8170056647905564203, guid: f3c2db5859e54114a9bb6b0ad030a7df, type: 3}
      propertyPath: m_Color.r
      value: 1
      objectReference: {fileID: 0}
    - target: {fileID: 8489469024086256004, guid: f3c2db5859e54114a9bb6b0ad030a7df, type: 3}
      propertyPath: m_SizeDelta.x
      value: 57.4
      objectReference: {fileID: 0}
    - target: {fileID: 8489469024086256004, guid: f3c2db5859e54114a9bb6b0ad030a7df, type: 3}
      propertyPath: m_SizeDelta.y
      value: 2.6
      objectReference: {fileID: 0}
    - target: {fileID: 8636686540013368209, guid: f3c2db5859e54114a9bb6b0ad030a7df, type: 3}
      propertyPath: m_SizeDelta.x
      value: 2.6
      objectReference: {fileID: 0}
    - target: {fileID: 8636686540013368209, guid: f3c2db5859e54114a9bb6b0ad030a7df, type: 3}
      propertyPath: m_SizeDelta.y
      value: 57.4
      objectReference: {fileID: 0}
    - target: {fileID: 8875768716801158588, guid: f3c2db5859e54114a9bb6b0ad030a7df, type: 3}
      propertyPath: m_SizeDelta.x
      value: 2.6
      objectReference: {fileID: 0}
    - target: {fileID: 8875768716801158588, guid: f3c2db5859e54114a9bb6b0ad030a7df, type: 3}
      propertyPath: m_SizeDelta.y
      value: 57.4
      objectReference: {fileID: 0}
    m_RemovedComponents: []
  m_SourcePrefab: {fileID: 100100000, guid: f3c2db5859e54114a9bb6b0ad030a7df, type: 3}
--- !u!224 &2356640608090059456 stripped
RectTransform:
  m_CorrespondingSourceObject: {fileID: 1683326347468643789, guid: f3c2db5859e54114a9bb6b0ad030a7df, type: 3}
  m_PrefabInstance: {fileID: 4028496535503990541}
  m_PrefabAsset: {fileID: 0}
--- !u!114 &1115159369135383204 stripped
MonoBehaviour:
  m_CorrespondingSourceObject: {fileID: 4076267599419674025, guid: f3c2db5859e54114a9bb6b0ad030a7df, type: 3}
  m_PrefabInstance: {fileID: 4028496535503990541}
  m_PrefabAsset: {fileID: 0}
  m_GameObject: {fileID: 0}
  m_Enabled: 1
  m_EditorHideFlags: 0
  m_Script: {fileID: 11500000, guid: 709e91145ee5472da541b6ef9a916c89, type: 3}
  m_Name: 
  m_EditorClassIdentifier: 
--- !u!1001 &7266097516206026722
PrefabInstance:
  m_ObjectHideFlags: 0
  serializedVersion: 2
  m_Modification:
    m_TransformParent: {fileID: 1759576239923115010}
    m_Modifications:
    - target: {fileID: 1563780278707609117, guid: e7b2f7a66507ee941809516ec68fc4f6, type: 3}
      propertyPath: m_text
      value: "\u0410"
      objectReference: {fileID: 0}
    - target: {fileID: 1563780278707609117, guid: e7b2f7a66507ee941809516ec68fc4f6, type: 3}
      propertyPath: m_fontSize
      value: 36
      objectReference: {fileID: 0}
    - target: {fileID: 1563780278707609117, guid: e7b2f7a66507ee941809516ec68fc4f6, type: 3}
      propertyPath: m_lineSpacing
      value: 0
      objectReference: {fileID: 0}
    - target: {fileID: 1563780278707609117, guid: e7b2f7a66507ee941809516ec68fc4f6, type: 3}
      propertyPath: m_wordSpacing
      value: 0
      objectReference: {fileID: 0}
    - target: {fileID: 1563780278707609117, guid: e7b2f7a66507ee941809516ec68fc4f6, type: 3}
      propertyPath: m_fontSizeBase
      value: 36
      objectReference: {fileID: 0}
    - target: {fileID: 1563780278707609117, guid: e7b2f7a66507ee941809516ec68fc4f6, type: 3}
      propertyPath: m_characterSpacing
      value: 0
      objectReference: {fileID: 0}
    - target: {fileID: 1563780278707609117, guid: e7b2f7a66507ee941809516ec68fc4f6, type: 3}
      propertyPath: m_fontColor32.rgba
      value: 4294967295
      objectReference: {fileID: 0}
    - target: {fileID: 1563780278707609117, guid: e7b2f7a66507ee941809516ec68fc4f6, type: 3}
      propertyPath: m_VerticalAlignment
      value: 1024
      objectReference: {fileID: 0}
    - target: {fileID: 1563780278707609117, guid: e7b2f7a66507ee941809516ec68fc4f6, type: 3}
      propertyPath: m_HorizontalAlignment
      value: 2
      objectReference: {fileID: 0}
    - target: {fileID: 7714175198351722179, guid: e7b2f7a66507ee941809516ec68fc4f6, type: 3}
      propertyPath: key
      value: Target_A
      objectReference: {fileID: 0}
    - target: {fileID: 7797942541368490360, guid: e7b2f7a66507ee941809516ec68fc4f6, type: 3}
      propertyPath: m_Name
      value: Text_HB_Regular
      objectReference: {fileID: 0}
    - target: {fileID: 8213191933928624968, guid: e7b2f7a66507ee941809516ec68fc4f6, type: 3}
      propertyPath: m_Pivot.x
      value: 0.5
      objectReference: {fileID: 0}
    - target: {fileID: 8213191933928624968, guid: e7b2f7a66507ee941809516ec68fc4f6, type: 3}
      propertyPath: m_Pivot.y
      value: 0
      objectReference: {fileID: 0}
    - target: {fileID: 8213191933928624968, guid: e7b2f7a66507ee941809516ec68fc4f6, type: 3}
      propertyPath: m_RootOrder
      value: 0
      objectReference: {fileID: 0}
    - target: {fileID: 8213191933928624968, guid: e7b2f7a66507ee941809516ec68fc4f6, type: 3}
      propertyPath: m_AnchorMax.x
      value: 0.5
      objectReference: {fileID: 0}
    - target: {fileID: 8213191933928624968, guid: e7b2f7a66507ee941809516ec68fc4f6, type: 3}
      propertyPath: m_AnchorMax.y
      value: 0
      objectReference: {fileID: 0}
    - target: {fileID: 8213191933928624968, guid: e7b2f7a66507ee941809516ec68fc4f6, type: 3}
      propertyPath: m_AnchorMin.x
      value: 0.5
      objectReference: {fileID: 0}
    - target: {fileID: 8213191933928624968, guid: e7b2f7a66507ee941809516ec68fc4f6, type: 3}
      propertyPath: m_AnchorMin.y
      value: 0
      objectReference: {fileID: 0}
    - target: {fileID: 8213191933928624968, guid: e7b2f7a66507ee941809516ec68fc4f6, type: 3}
      propertyPath: m_SizeDelta.x
      value: 40.3998
      objectReference: {fileID: 0}
    - target: {fileID: 8213191933928624968, guid: e7b2f7a66507ee941809516ec68fc4f6, type: 3}
      propertyPath: m_SizeDelta.y
      value: 0
      objectReference: {fileID: 0}
    - target: {fileID: 8213191933928624968, guid: e7b2f7a66507ee941809516ec68fc4f6, type: 3}
      propertyPath: m_LocalPosition.x
      value: 0
      objectReference: {fileID: 0}
    - target: {fileID: 8213191933928624968, guid: e7b2f7a66507ee941809516ec68fc4f6, type: 3}
      propertyPath: m_LocalPosition.y
      value: 0
      objectReference: {fileID: 0}
    - target: {fileID: 8213191933928624968, guid: e7b2f7a66507ee941809516ec68fc4f6, type: 3}
      propertyPath: m_LocalPosition.z
      value: 0
      objectReference: {fileID: 0}
    - target: {fileID: 8213191933928624968, guid: e7b2f7a66507ee941809516ec68fc4f6, type: 3}
      propertyPath: m_LocalRotation.w
      value: 1
      objectReference: {fileID: 0}
    - target: {fileID: 8213191933928624968, guid: e7b2f7a66507ee941809516ec68fc4f6, type: 3}
      propertyPath: m_LocalRotation.x
      value: 0
      objectReference: {fileID: 0}
    - target: {fileID: 8213191933928624968, guid: e7b2f7a66507ee941809516ec68fc4f6, type: 3}
      propertyPath: m_LocalRotation.y
      value: 0
      objectReference: {fileID: 0}
    - target: {fileID: 8213191933928624968, guid: e7b2f7a66507ee941809516ec68fc4f6, type: 3}
      propertyPath: m_LocalRotation.z
      value: 0
      objectReference: {fileID: 0}
    - target: {fileID: 8213191933928624968, guid: e7b2f7a66507ee941809516ec68fc4f6, type: 3}
      propertyPath: m_AnchoredPosition.x
      value: 0
      objectReference: {fileID: 0}
    - target: {fileID: 8213191933928624968, guid: e7b2f7a66507ee941809516ec68fc4f6, type: 3}
      propertyPath: m_AnchoredPosition.y
      value: 38.6
      objectReference: {fileID: 0}
    - target: {fileID: 8213191933928624968, guid: e7b2f7a66507ee941809516ec68fc4f6, type: 3}
      propertyPath: m_LocalEulerAnglesHint.x
      value: 0
      objectReference: {fileID: 0}
    - target: {fileID: 8213191933928624968, guid: e7b2f7a66507ee941809516ec68fc4f6, type: 3}
      propertyPath: m_LocalEulerAnglesHint.y
      value: 0
      objectReference: {fileID: 0}
    - target: {fileID: 8213191933928624968, guid: e7b2f7a66507ee941809516ec68fc4f6, type: 3}
      propertyPath: m_LocalEulerAnglesHint.z
      value: 0
      objectReference: {fileID: 0}
    m_RemovedComponents: []
  m_SourcePrefab: {fileID: 100100000, guid: e7b2f7a66507ee941809516ec68fc4f6, type: 3}
--- !u!224 &1525950331553692842 stripped
RectTransform:
  m_CorrespondingSourceObject: {fileID: 8213191933928624968, guid: e7b2f7a66507ee941809516ec68fc4f6, type: 3}
  m_PrefabInstance: {fileID: 7266097516206026722}
  m_PrefabAsset: {fileID: 0}
--- !u!114 &1141693606406187297 stripped
MonoBehaviour:
  m_CorrespondingSourceObject: {fileID: 7714175198351722179, guid: e7b2f7a66507ee941809516ec68fc4f6, type: 3}
  m_PrefabInstance: {fileID: 7266097516206026722}
  m_PrefabAsset: {fileID: 0}
  m_GameObject: {fileID: 0}
  m_Enabled: 1
  m_EditorHideFlags: 0
  m_Script: {fileID: 11500000, guid: 6180f8bb335f434480046122ccb888f5, type: 3}
  m_Name: 
  m_EditorClassIdentifier: 
--- !u!1001 &7582316917354083831
PrefabInstance:
  m_ObjectHideFlags: 0
  serializedVersion: 2
  m_Modification:
    m_TransformParent: {fileID: 6454829573732161140}
    m_Modifications:
    - target: {fileID: 1683326347468643789, guid: f3c2db5859e54114a9bb6b0ad030a7df, type: 3}
      propertyPath: m_Pivot.x
      value: 0.5
      objectReference: {fileID: 0}
    - target: {fileID: 1683326347468643789, guid: f3c2db5859e54114a9bb6b0ad030a7df, type: 3}
      propertyPath: m_Pivot.y
      value: 0.5
      objectReference: {fileID: 0}
    - target: {fileID: 1683326347468643789, guid: f3c2db5859e54114a9bb6b0ad030a7df, type: 3}
      propertyPath: m_RootOrder
      value: 0
      objectReference: {fileID: 0}
    - target: {fileID: 1683326347468643789, guid: f3c2db5859e54114a9bb6b0ad030a7df, type: 3}
      propertyPath: m_AnchorMax.x
      value: 0.5
      objectReference: {fileID: 0}
    - target: {fileID: 1683326347468643789, guid: f3c2db5859e54114a9bb6b0ad030a7df, type: 3}
      propertyPath: m_AnchorMax.y
      value: 0.5
      objectReference: {fileID: 0}
    - target: {fileID: 1683326347468643789, guid: f3c2db5859e54114a9bb6b0ad030a7df, type: 3}
      propertyPath: m_AnchorMin.x
      value: 0.5
      objectReference: {fileID: 0}
    - target: {fileID: 1683326347468643789, guid: f3c2db5859e54114a9bb6b0ad030a7df, type: 3}
      propertyPath: m_AnchorMin.y
      value: 0.5
      objectReference: {fileID: 0}
    - target: {fileID: 1683326347468643789, guid: f3c2db5859e54114a9bb6b0ad030a7df, type: 3}
      propertyPath: m_SizeDelta.x
      value: 0
      objectReference: {fileID: 0}
    - target: {fileID: 1683326347468643789, guid: f3c2db5859e54114a9bb6b0ad030a7df, type: 3}
      propertyPath: m_SizeDelta.y
      value: 0
      objectReference: {fileID: 0}
    - target: {fileID: 1683326347468643789, guid: f3c2db5859e54114a9bb6b0ad030a7df, type: 3}
      propertyPath: m_LocalPosition.x
      value: 0
      objectReference: {fileID: 0}
    - target: {fileID: 1683326347468643789, guid: f3c2db5859e54114a9bb6b0ad030a7df, type: 3}
      propertyPath: m_LocalPosition.y
      value: 0
      objectReference: {fileID: 0}
    - target: {fileID: 1683326347468643789, guid: f3c2db5859e54114a9bb6b0ad030a7df, type: 3}
      propertyPath: m_LocalPosition.z
      value: 0
      objectReference: {fileID: 0}
    - target: {fileID: 1683326347468643789, guid: f3c2db5859e54114a9bb6b0ad030a7df, type: 3}
      propertyPath: m_LocalRotation.w
      value: 0.92387956
      objectReference: {fileID: 0}
    - target: {fileID: 1683326347468643789, guid: f3c2db5859e54114a9bb6b0ad030a7df, type: 3}
      propertyPath: m_LocalRotation.x
      value: 0
      objectReference: {fileID: 0}
    - target: {fileID: 1683326347468643789, guid: f3c2db5859e54114a9bb6b0ad030a7df, type: 3}
      propertyPath: m_LocalRotation.y
      value: 0
      objectReference: {fileID: 0}
    - target: {fileID: 1683326347468643789, guid: f3c2db5859e54114a9bb6b0ad030a7df, type: 3}
      propertyPath: m_LocalRotation.z
      value: 0.38268343
      objectReference: {fileID: 0}
    - target: {fileID: 1683326347468643789, guid: f3c2db5859e54114a9bb6b0ad030a7df, type: 3}
      propertyPath: m_AnchoredPosition.x
      value: 0
      objectReference: {fileID: 0}
    - target: {fileID: 1683326347468643789, guid: f3c2db5859e54114a9bb6b0ad030a7df, type: 3}
      propertyPath: m_AnchoredPosition.y
      value: 0
      objectReference: {fileID: 0}
    - target: {fileID: 1683326347468643789, guid: f3c2db5859e54114a9bb6b0ad030a7df, type: 3}
      propertyPath: m_LocalEulerAnglesHint.x
      value: 0
      objectReference: {fileID: 0}
    - target: {fileID: 1683326347468643789, guid: f3c2db5859e54114a9bb6b0ad030a7df, type: 3}
      propertyPath: m_LocalEulerAnglesHint.y
      value: 0
      objectReference: {fileID: 0}
    - target: {fileID: 1683326347468643789, guid: f3c2db5859e54114a9bb6b0ad030a7df, type: 3}
      propertyPath: m_LocalEulerAnglesHint.z
      value: 45
      objectReference: {fileID: 0}
    - target: {fileID: 1683326347468643790, guid: f3c2db5859e54114a9bb6b0ad030a7df, type: 3}
      propertyPath: m_Name
      value: Pulse
      objectReference: {fileID: 0}
    - target: {fileID: 2353829046282031426, guid: f3c2db5859e54114a9bb6b0ad030a7df, type: 3}
      propertyPath: m_Color.a
      value: 0
      objectReference: {fileID: 0}
    - target: {fileID: 2353829046282031426, guid: f3c2db5859e54114a9bb6b0ad030a7df, type: 3}
      propertyPath: m_Color.b
      value: 0
      objectReference: {fileID: 0}
    - target: {fileID: 2353829046282031426, guid: f3c2db5859e54114a9bb6b0ad030a7df, type: 3}
      propertyPath: m_Color.g
      value: 0
      objectReference: {fileID: 0}
    - target: {fileID: 2353829046282031426, guid: f3c2db5859e54114a9bb6b0ad030a7df, type: 3}
      propertyPath: m_Color.r
      value: 0
      objectReference: {fileID: 0}
    - target: {fileID: 6384942437188969873, guid: f3c2db5859e54114a9bb6b0ad030a7df, type: 3}
      propertyPath: m_Color.a
      value: 0
      objectReference: {fileID: 0}
    - target: {fileID: 6384942437188969873, guid: f3c2db5859e54114a9bb6b0ad030a7df, type: 3}
      propertyPath: m_Color.b
      value: 0
      objectReference: {fileID: 0}
    - target: {fileID: 6384942437188969873, guid: f3c2db5859e54114a9bb6b0ad030a7df, type: 3}
      propertyPath: m_Color.g
      value: 0
      objectReference: {fileID: 0}
    - target: {fileID: 6384942437188969873, guid: f3c2db5859e54114a9bb6b0ad030a7df, type: 3}
      propertyPath: m_Color.r
      value: 0
      objectReference: {fileID: 0}
    - target: {fileID: 7001775354393227719, guid: f3c2db5859e54114a9bb6b0ad030a7df, type: 3}
      propertyPath: m_Color.a
      value: 0
      objectReference: {fileID: 0}
    - target: {fileID: 7001775354393227719, guid: f3c2db5859e54114a9bb6b0ad030a7df, type: 3}
      propertyPath: m_Color.b
      value: 0
      objectReference: {fileID: 0}
    - target: {fileID: 7001775354393227719, guid: f3c2db5859e54114a9bb6b0ad030a7df, type: 3}
      propertyPath: m_Color.g
      value: 0
      objectReference: {fileID: 0}
    - target: {fileID: 7001775354393227719, guid: f3c2db5859e54114a9bb6b0ad030a7df, type: 3}
      propertyPath: m_Color.r
      value: 0
      objectReference: {fileID: 0}
    - target: {fileID: 7152232393271335363, guid: f3c2db5859e54114a9bb6b0ad030a7df, type: 3}
      propertyPath: m_SizeDelta.x
      value: 0
      objectReference: {fileID: 0}
    - target: {fileID: 7152232393271335363, guid: f3c2db5859e54114a9bb6b0ad030a7df, type: 3}
      propertyPath: m_SizeDelta.y
      value: 0
      objectReference: {fileID: 0}
    - target: {fileID: 7703909977205700355, guid: f3c2db5859e54114a9bb6b0ad030a7df, type: 3}
      propertyPath: m_Color.a
      value: 0
      objectReference: {fileID: 0}
    - target: {fileID: 8170056647905564203, guid: f3c2db5859e54114a9bb6b0ad030a7df, type: 3}
      propertyPath: m_Color.a
      value: 0
      objectReference: {fileID: 0}
    - target: {fileID: 8170056647905564203, guid: f3c2db5859e54114a9bb6b0ad030a7df, type: 3}
      propertyPath: m_Color.b
      value: 0
      objectReference: {fileID: 0}
    - target: {fileID: 8170056647905564203, guid: f3c2db5859e54114a9bb6b0ad030a7df, type: 3}
      propertyPath: m_Color.g
      value: 0
      objectReference: {fileID: 0}
    - target: {fileID: 8170056647905564203, guid: f3c2db5859e54114a9bb6b0ad030a7df, type: 3}
      propertyPath: m_Color.r
      value: 0
      objectReference: {fileID: 0}
    - target: {fileID: 8489469024086256004, guid: f3c2db5859e54114a9bb6b0ad030a7df, type: 3}
      propertyPath: m_SizeDelta.x
      value: 0
      objectReference: {fileID: 0}
    - target: {fileID: 8489469024086256004, guid: f3c2db5859e54114a9bb6b0ad030a7df, type: 3}
      propertyPath: m_SizeDelta.y
      value: 0
      objectReference: {fileID: 0}
    - target: {fileID: 8636686540013368209, guid: f3c2db5859e54114a9bb6b0ad030a7df, type: 3}
      propertyPath: m_SizeDelta.x
      value: 0
      objectReference: {fileID: 0}
    - target: {fileID: 8636686540013368209, guid: f3c2db5859e54114a9bb6b0ad030a7df, type: 3}
      propertyPath: m_SizeDelta.y
      value: 0
      objectReference: {fileID: 0}
    - target: {fileID: 8875768716801158588, guid: f3c2db5859e54114a9bb6b0ad030a7df, type: 3}
      propertyPath: m_SizeDelta.x
      value: 0
      objectReference: {fileID: 0}
    - target: {fileID: 8875768716801158588, guid: f3c2db5859e54114a9bb6b0ad030a7df, type: 3}
      propertyPath: m_SizeDelta.y
      value: 0
      objectReference: {fileID: 0}
    m_RemovedComponents: []
  m_SourcePrefab: {fileID: 100100000, guid: f3c2db5859e54114a9bb6b0ad030a7df, type: 3}
--- !u!224 &9107876538186967098 stripped
RectTransform:
  m_CorrespondingSourceObject: {fileID: 1683326347468643789, guid: f3c2db5859e54114a9bb6b0ad030a7df, type: 3}
  m_PrefabInstance: {fileID: 7582316917354083831}
  m_PrefabAsset: {fileID: 0}
--- !u!114 &5883956042606000222 stripped
MonoBehaviour:
  m_CorrespondingSourceObject: {fileID: 4076267599419674025, guid: f3c2db5859e54114a9bb6b0ad030a7df, type: 3}
  m_PrefabInstance: {fileID: 7582316917354083831}
  m_PrefabAsset: {fileID: 0}
  m_GameObject: {fileID: 0}
  m_Enabled: 1
  m_EditorHideFlags: 0
  m_Script: {fileID: 11500000, guid: 709e91145ee5472da541b6ef9a916c89, type: 3}
  m_Name: 
  m_EditorClassIdentifier: 
