%YAML 1.1
%TAG !u! tag:unity3d.com,2011:
--- !u!1 &491563860322719105
GameObject:
  m_ObjectHideFlags: 0
  m_CorrespondingSourceObject: {fileID: 0}
  m_PrefabInstance: {fileID: 0}
  m_PrefabAsset: {fileID: 0}
  serializedVersion: 6
  m_Component:
  - component: {fileID: 2506463451815784656}
  m_Layer: 5
  m_Name: Net
  m_TagString: Untagged
  m_Icon: {fileID: 0}
  m_NavMeshLayer: 0
  m_StaticEditorFlags: 0
  m_IsActive: 1
--- !u!224 &2506463451815784656
RectTransform:
  m_ObjectHideFlags: 0
  m_CorrespondingSourceObject: {fileID: 0}
  m_PrefabInstance: {fileID: 0}
  m_PrefabAsset: {fileID: 0}
  m_GameObject: {fileID: 491563860322719105}
  m_LocalRotation: {x: -0, y: -0, z: -0, w: 1}
  m_LocalPosition: {x: 0, y: 0, z: 0}
  m_LocalScale: {x: 1, y: 1, z: 1}
  m_ConstrainProportionsScale: 0
  m_Children:
  - {fileID: 7684442120055385386}
  - {fileID: 3915832196417343771}
  - {fileID: 3188941513834688290}
  - {fileID: 7327895402410104143}
  m_Father: {fileID: 571313385828689706}
  m_RootOrder: 1
  m_LocalEulerAnglesHint: {x: 0, y: 0, z: 0}
  m_AnchorMin: {x: 0, y: 0}
  m_AnchorMax: {x: 0, y: 1}
  m_AnchoredPosition: {x: 40, y: 0}
  m_SizeDelta: {x: 1000, y: -80}
  m_Pivot: {x: 0, y: 0.5}
--- !u!1 &571313384963671147
GameObject:
  m_ObjectHideFlags: 0
  m_CorrespondingSourceObject: {fileID: 0}
  m_PrefabInstance: {fileID: 0}
  m_PrefabAsset: {fileID: 0}
  serializedVersion: 6
  m_Component:
  - component: {fileID: 571313384963671148}
  - component: {fileID: 571313384963671150}
  - component: {fileID: 571313384963671151}
  - component: {fileID: 571313384963671152}
  - component: {fileID: 571313384963671153}
  - component: {fileID: 2586098699834048562}
  m_Layer: 5
  m_Name: Content
  m_TagString: Untagged
  m_Icon: {fileID: 0}
  m_NavMeshLayer: 0
  m_StaticEditorFlags: 0
  m_IsActive: 1
--- !u!224 &571313384963671148
RectTransform:
  m_ObjectHideFlags: 0
  m_CorrespondingSourceObject: {fileID: 0}
  m_PrefabInstance: {fileID: 0}
  m_PrefabAsset: {fileID: 0}
  m_GameObject: {fileID: 571313384963671147}
  m_LocalRotation: {x: -0, y: -0, z: -0, w: 1}
  m_LocalPosition: {x: 0, y: 0, z: 0}
  m_LocalScale: {x: 1, y: 1, z: 1}
  m_ConstrainProportionsScale: 0
  m_Children:
  - {fileID: 571313385883478833}
  m_Father: {fileID: 571313385463730081}
  m_RootOrder: 0
  m_LocalEulerAnglesHint: {x: 0, y: 0, z: 0}
  m_AnchorMin: {x: 1, y: 1}
  m_AnchorMax: {x: 1, y: 1}
  m_AnchoredPosition: {x: -40, y: -40}
  m_SizeDelta: {x: 800, y: 180}
  m_Pivot: {x: 1, y: 1}
--- !u!222 &571313384963671150
CanvasRenderer:
  m_ObjectHideFlags: 0
  m_CorrespondingSourceObject: {fileID: 0}
  m_PrefabInstance: {fileID: 0}
  m_PrefabAsset: {fileID: 0}
  m_GameObject: {fileID: 571313384963671147}
  m_CullTransparentMesh: 1
--- !u!114 &571313384963671151
MonoBehaviour:
  m_ObjectHideFlags: 0
  m_CorrespondingSourceObject: {fileID: 0}
  m_PrefabInstance: {fileID: 0}
  m_PrefabAsset: {fileID: 0}
  m_GameObject: {fileID: 571313384963671147}
  m_Enabled: 1
  m_EditorHideFlags: 0
  m_Script: {fileID: 11500000, guid: fe87c0e1cc204ed48ad3b37840f39efc, type: 3}
  m_Name: 
  m_EditorClassIdentifier: 
  m_Material: {fileID: 0}
  m_Color: {r: 0.16470589, g: 0.16470589, b: 0.16470589, a: 1}
  m_RaycastTarget: 1
  m_RaycastPadding: {x: 0, y: 0, z: 0, w: 0}
  m_Maskable: 1
  m_OnCullStateChanged:
    m_PersistentCalls:
      m_Calls: []
  m_Sprite: {fileID: 0}
  m_Type: 0
  m_PreserveAspect: 0
  m_FillCenter: 1
  m_FillMethod: 4
  m_FillAmount: 1
  m_FillClockwise: 1
  m_FillOrigin: 0
  m_UseSpriteMesh: 0
  m_PixelsPerUnitMultiplier: 1
--- !u!114 &571313384963671152
MonoBehaviour:
  m_ObjectHideFlags: 0
  m_CorrespondingSourceObject: {fileID: 0}
  m_PrefabInstance: {fileID: 0}
  m_PrefabAsset: {fileID: 0}
  m_GameObject: {fileID: 571313384963671147}
  m_Enabled: 1
  m_EditorHideFlags: 0
  m_Script: {fileID: 11500000, guid: 59f8146938fff824cb5fd77236b75775, type: 3}
  m_Name: 
  m_EditorClassIdentifier: 
  m_Padding:
    m_Left: 100
    m_Right: 100
    m_Top: 80
    m_Bottom: 100
  m_ChildAlignment: 0
  m_Spacing: 40
  m_ChildForceExpandWidth: 1
  m_ChildForceExpandHeight: 1
  m_ChildControlWidth: 0
  m_ChildControlHeight: 0
  m_ChildScaleWidth: 0
  m_ChildScaleHeight: 0
  m_ReverseArrangement: 0
--- !u!114 &571313384963671153
MonoBehaviour:
  m_ObjectHideFlags: 0
  m_CorrespondingSourceObject: {fileID: 0}
  m_PrefabInstance: {fileID: 0}
  m_PrefabAsset: {fileID: 0}
  m_GameObject: {fileID: 571313384963671147}
  m_Enabled: 1
  m_EditorHideFlags: 0
  m_Script: {fileID: 11500000, guid: 3245ec927659c4140ac4f8d17403cc18, type: 3}
  m_Name: 
  m_EditorClassIdentifier: 
  m_HorizontalFit: 0
  m_VerticalFit: 1
--- !u!114 &2586098699834048562
MonoBehaviour:
  m_ObjectHideFlags: 0
  m_CorrespondingSourceObject: {fileID: 0}
  m_PrefabInstance: {fileID: 0}
  m_PrefabAsset: {fileID: 0}
  m_GameObject: {fileID: 571313384963671147}
  m_Enabled: 1
  m_EditorHideFlags: 0
  m_Script: {fileID: 11500000, guid: 71615750f84d4af99225d4b9ed5f3216, type: 3}
  m_Name: 
  m_EditorClassIdentifier: 
--- !u!1 &571313385381901149
GameObject:
  m_ObjectHideFlags: 0
  m_CorrespondingSourceObject: {fileID: 0}
  m_PrefabInstance: {fileID: 0}
  m_PrefabAsset: {fileID: 0}
  serializedVersion: 6
  m_Component:
  - component: {fileID: 571313385381901150}
  - component: {fileID: 571313385381901152}
  - component: {fileID: 571313385381901151}
  m_Layer: 5
  m_Name: Corner
  m_TagString: Untagged
  m_Icon: {fileID: 0}
  m_NavMeshLayer: 0
  m_StaticEditorFlags: 0
  m_IsActive: 1
--- !u!224 &571313385381901150
RectTransform:
  m_ObjectHideFlags: 0
  m_CorrespondingSourceObject: {fileID: 0}
  m_PrefabInstance: {fileID: 0}
  m_PrefabAsset: {fileID: 0}
  m_GameObject: {fileID: 571313385381901149}
  m_LocalRotation: {x: -0, y: -0, z: -0.38268343, w: 0.92387956}
  m_LocalPosition: {x: 0, y: 0, z: 0}
  m_LocalScale: {x: 1, y: 1, z: 1}
  m_ConstrainProportionsScale: 0
  m_Children: []
  m_Father: {fileID: 571313386067455401}
  m_RootOrder: 0
  m_LocalEulerAnglesHint: {x: 0, y: 0, z: 0}
  m_AnchorMin: {x: 0, y: 0}
  m_AnchorMax: {x: 0, y: 0}
  m_AnchoredPosition: {x: 84.85281, y: 84.85282}
  m_SizeDelta: {x: 120, y: 120}
  m_Pivot: {x: 0, y: 1}
--- !u!222 &571313385381901152
CanvasRenderer:
  m_ObjectHideFlags: 0
  m_CorrespondingSourceObject: {fileID: 0}
  m_PrefabInstance: {fileID: 0}
  m_PrefabAsset: {fileID: 0}
  m_GameObject: {fileID: 571313385381901149}
  m_CullTransparentMesh: 1
--- !u!114 &571313385381901151
MonoBehaviour:
  m_ObjectHideFlags: 0
  m_CorrespondingSourceObject: {fileID: 0}
  m_PrefabInstance: {fileID: 0}
  m_PrefabAsset: {fileID: 0}
  m_GameObject: {fileID: 571313385381901149}
  m_Enabled: 1
  m_EditorHideFlags: 0
  m_Script: {fileID: 11500000, guid: fe87c0e1cc204ed48ad3b37840f39efc, type: 3}
  m_Name: 
  m_EditorClassIdentifier: 
  m_Material: {fileID: 0}
  m_Color: {r: 0.16470589, g: 0.16470589, b: 0.16470589, a: 1}
  m_RaycastTarget: 1
  m_RaycastPadding: {x: 0, y: 0, z: 0, w: 0}
  m_Maskable: 1
  m_OnCullStateChanged:
    m_PersistentCalls:
      m_Calls: []
  m_Sprite: {fileID: 0}
  m_Type: 0
  m_PreserveAspect: 0
  m_FillCenter: 1
  m_FillMethod: 4
  m_FillAmount: 1
  m_FillClockwise: 1
  m_FillOrigin: 0
  m_UseSpriteMesh: 0
  m_PixelsPerUnitMultiplier: 1
--- !u!1 &571313385463730080
GameObject:
  m_ObjectHideFlags: 0
  m_CorrespondingSourceObject: {fileID: 0}
  m_PrefabInstance: {fileID: 0}
  m_PrefabAsset: {fileID: 0}
  serializedVersion: 6
  m_Component:
  - component: {fileID: 571313385463730081}
  m_Layer: 5
  m_Name: List
  m_TagString: Untagged
  m_Icon: {fileID: 0}
  m_NavMeshLayer: 0
  m_StaticEditorFlags: 0
  m_IsActive: 0
--- !u!224 &571313385463730081
RectTransform:
  m_ObjectHideFlags: 0
  m_CorrespondingSourceObject: {fileID: 0}
  m_PrefabInstance: {fileID: 0}
  m_PrefabAsset: {fileID: 0}
  m_GameObject: {fileID: 571313385463730080}
  m_LocalRotation: {x: -0, y: -0, z: -0, w: 1}
  m_LocalPosition: {x: 0, y: 0, z: 0}
  m_LocalScale: {x: 1, y: 1, z: 1}
  m_ConstrainProportionsScale: 0
  m_Children:
  - {fileID: 571313384963671148}
  m_Father: {fileID: 571313385828689706}
  m_RootOrder: 2
  m_LocalEulerAnglesHint: {x: 0, y: 0, z: 0}
  m_AnchorMin: {x: 1, y: 0}
  m_AnchorMax: {x: 1, y: 1}
  m_AnchoredPosition: {x: 0, y: -40}
  m_SizeDelta: {x: 880, y: -80}
  m_Pivot: {x: 1, y: 1}
--- !u!1 &571313385828689705
GameObject:
  m_ObjectHideFlags: 0
  m_CorrespondingSourceObject: {fileID: 0}
  m_PrefabInstance: {fileID: 0}
  m_PrefabAsset: {fileID: 0}
  serializedVersion: 6
  m_Component:
  - component: {fileID: 571313385828689706}
  - component: {fileID: 4592776583519377331}
  - component: {fileID: 1029027130844575158}
  - component: {fileID: 3214115417110260070}
  m_Layer: 5
  m_Name: Screen_Idle
  m_TagString: Untagged
  m_Icon: {fileID: 0}
  m_NavMeshLayer: 0
  m_StaticEditorFlags: 0
  m_IsActive: 1
--- !u!224 &571313385828689706
RectTransform:
  m_ObjectHideFlags: 0
  m_CorrespondingSourceObject: {fileID: 0}
  m_PrefabInstance: {fileID: 0}
  m_PrefabAsset: {fileID: 0}
  m_GameObject: {fileID: 571313385828689705}
  m_LocalRotation: {x: 0, y: 0, z: 0, w: 1}
  m_LocalPosition: {x: 0, y: 0, z: 0}
  m_LocalScale: {x: 1, y: 1, z: 1}
  m_ConstrainProportionsScale: 0
  m_Children:
  - {fileID: 3431714459892634214}
  - {fileID: 2506463451815784656}
  - {fileID: 571313385463730081}
  m_Father: {fileID: 0}
  m_RootOrder: 0
  m_LocalEulerAnglesHint: {x: 0, y: 0, z: 0}
  m_AnchorMin: {x: 0, y: 0}
  m_AnchorMax: {x: 1, y: 1}
  m_AnchoredPosition: {x: 0, y: 0}
  m_SizeDelta: {x: 0, y: 0}
  m_Pivot: {x: 0.5, y: 0.5}
--- !u!114 &4592776583519377331
MonoBehaviour:
  m_ObjectHideFlags: 0
  m_CorrespondingSourceObject: {fileID: 0}
  m_PrefabInstance: {fileID: 0}
  m_PrefabAsset: {fileID: 0}
  m_GameObject: {fileID: 571313385828689705}
  m_Enabled: 1
  m_EditorHideFlags: 0
  m_Script: {fileID: 11500000, guid: 0fdb0eb3e846430fac0bd1aa201011ea, type: 3}
  m_Name: 
  m_EditorClassIdentifier: 
  Targeting:
    AddTargetAfterShow:
    - Id: Touch_0
      Type: 3
      Parameters: {fileID: 3214115417110260070}
    RemoveTargetBeforeHide:
    - Touch_0
    OnTargetEvent: []
    TargetsCondition:
    - Touch_0
  Animator: {fileID: 1029027130844575158}
--- !u!95 &1029027130844575158
Animator:
  serializedVersion: 4
  m_ObjectHideFlags: 0
  m_CorrespondingSourceObject: {fileID: 0}
  m_PrefabInstance: {fileID: 0}
  m_PrefabAsset: {fileID: 0}
  m_GameObject: {fileID: 571313385828689705}
  m_Enabled: 1
  m_Avatar: {fileID: 0}
  m_Controller: {fileID: 9100000, guid: b28ef063d27e5e942b320c53b25e9aed, type: 2}
  m_CullingMode: 0
  m_UpdateMode: 0
  m_ApplyRootMotion: 0
  m_LinearVelocityBlending: 0
  m_StabilizeFeet: 0
  m_WarningMessage: 
  m_HasTransformHierarchy: 1
  m_AllowConstantClipSamplingOptimization: 1
  m_KeepAnimatorControllerStateOnDisable: 0
--- !u!114 &3214115417110260070
MonoBehaviour:
  m_ObjectHideFlags: 0
  m_CorrespondingSourceObject: {fileID: 0}
  m_PrefabInstance: {fileID: 0}
  m_PrefabAsset: {fileID: 0}
  m_GameObject: {fileID: 571313385828689705}
  m_Enabled: 1
  m_EditorHideFlags: 0
  m_Script: {fileID: 11500000, guid: 25e905dc9dce4e11a3bfd430943c4570, type: 3}
  m_Name: 
  m_EditorClassIdentifier: 
  _pointerId: 0
  _rectTransform: {fileID: 571313385828689706}
--- !u!1 &571313385854282497
GameObject:
  m_ObjectHideFlags: 0
  m_CorrespondingSourceObject: {fileID: 0}
  m_PrefabInstance: {fileID: 0}
  m_PrefabAsset: {fileID: 0}
  serializedVersion: 6
  m_Component:
  - component: {fileID: 571313385854282498}
  m_Layer: 5
  m_Name: Controls
  m_TagString: Untagged
  m_Icon: {fileID: 0}
  m_NavMeshLayer: 0
  m_StaticEditorFlags: 0
  m_IsActive: 1
--- !u!224 &571313385854282498
RectTransform:
  m_ObjectHideFlags: 0
  m_CorrespondingSourceObject: {fileID: 0}
  m_PrefabInstance: {fileID: 0}
  m_PrefabAsset: {fileID: 0}
  m_GameObject: {fileID: 571313385854282497}
  m_LocalRotation: {x: -0, y: -0, z: -0, w: 1}
  m_LocalPosition: {x: 0, y: 0, z: 0}
  m_LocalScale: {x: 1, y: 1, z: 1}
  m_ConstrainProportionsScale: 0
  m_Children:
  - {fileID: 6902356721639266279}
  - {fileID: 6028990338700700302}
  - {fileID: 6666593550540098556}
  m_Father: {fileID: 571313385883478833}
  m_RootOrder: 1
  m_LocalEulerAnglesHint: {x: 0, y: 0, z: 0}
  m_AnchorMin: {x: 1, y: 0}
  m_AnchorMax: {x: 1, y: 0}
  m_AnchoredPosition: {x: 0, y: 0}
  m_SizeDelta: {x: 255, y: 64}
  m_Pivot: {x: 1, y: 0}
--- !u!1 &571313385883478832
GameObject:
  m_ObjectHideFlags: 0
  m_CorrespondingSourceObject: {fileID: 0}
  m_PrefabInstance: {fileID: 0}
  m_PrefabAsset: {fileID: 0}
  serializedVersion: 6
  m_Component:
  - component: {fileID: 571313385883478833}
  - component: {fileID: 571313385883478836}
  - component: {fileID: 571313385883478835}
  - component: {fileID: 571313385883478834}
  m_Layer: 5
  m_Name: Bottom
  m_TagString: Untagged
  m_Icon: {fileID: 0}
  m_NavMeshLayer: 0
  m_StaticEditorFlags: 0
  m_IsActive: 1
--- !u!224 &571313385883478833
RectTransform:
  m_ObjectHideFlags: 0
  m_CorrespondingSourceObject: {fileID: 0}
  m_PrefabInstance: {fileID: 0}
  m_PrefabAsset: {fileID: 0}
  m_GameObject: {fileID: 571313385883478832}
  m_LocalRotation: {x: 0, y: 0, z: 0, w: 1}
  m_LocalPosition: {x: 0, y: 0, z: 0}
  m_LocalScale: {x: 1, y: 1, z: 1}
  m_ConstrainProportionsScale: 0
  m_Children:
  - {fileID: 571313386067455401}
  - {fileID: 571313385854282498}
  m_Father: {fileID: 571313384963671148}
  m_RootOrder: 0
  m_LocalEulerAnglesHint: {x: 0, y: 0, z: 0}
  m_AnchorMin: {x: 0, y: 0}
  m_AnchorMax: {x: 1, y: 0}
  m_AnchoredPosition: {x: 0, y: 0}
  m_SizeDelta: {x: 0, y: 64}
  m_Pivot: {x: 0.5, y: 1}
--- !u!222 &571313385883478836
CanvasRenderer:
  m_ObjectHideFlags: 0
  m_CorrespondingSourceObject: {fileID: 0}
  m_PrefabInstance: {fileID: 0}
  m_PrefabAsset: {fileID: 0}
  m_GameObject: {fileID: 571313385883478832}
  m_CullTransparentMesh: 1
--- !u!114 &571313385883478835
MonoBehaviour:
  m_ObjectHideFlags: 0
  m_CorrespondingSourceObject: {fileID: 0}
  m_PrefabInstance: {fileID: 0}
  m_PrefabAsset: {fileID: 0}
  m_GameObject: {fileID: 571313385883478832}
  m_Enabled: 1
  m_EditorHideFlags: 0
  m_Script: {fileID: 11500000, guid: fe87c0e1cc204ed48ad3b37840f39efc, type: 3}
  m_Name: 
  m_EditorClassIdentifier: 
  m_Material: {fileID: 0}
  m_Color: {r: 0.16470589, g: 0.16470589, b: 0.16470589, a: 1}
  m_RaycastTarget: 1
  m_RaycastPadding: {x: 0, y: 0, z: 0, w: 0}
  m_Maskable: 1
  m_OnCullStateChanged:
    m_PersistentCalls:
      m_Calls: []
  m_Sprite: {fileID: 0}
  m_Type: 0
  m_PreserveAspect: 0
  m_FillCenter: 1
  m_FillMethod: 4
  m_FillAmount: 1
  m_FillClockwise: 1
  m_FillOrigin: 0
  m_UseSpriteMesh: 0
  m_PixelsPerUnitMultiplier: 1
--- !u!114 &571313385883478834
MonoBehaviour:
  m_ObjectHideFlags: 0
  m_CorrespondingSourceObject: {fileID: 0}
  m_PrefabInstance: {fileID: 0}
  m_PrefabAsset: {fileID: 0}
  m_GameObject: {fileID: 571313385883478832}
  m_Enabled: 1
  m_EditorHideFlags: 0
  m_Script: {fileID: 11500000, guid: 306cc8c2b49d7114eaa3623786fc2126, type: 3}
  m_Name: 
  m_EditorClassIdentifier: 
  m_IgnoreLayout: 1
  m_MinWidth: -1
  m_MinHeight: -1
  m_PreferredWidth: -1
  m_PreferredHeight: -1
  m_FlexibleWidth: -1
  m_FlexibleHeight: -1
  m_LayoutPriority: 1
--- !u!1 &571313386067455400
GameObject:
  m_ObjectHideFlags: 0
  m_CorrespondingSourceObject: {fileID: 0}
  m_PrefabInstance: {fileID: 0}
  m_PrefabAsset: {fileID: 0}
  serializedVersion: 6
  m_Component:
  - component: {fileID: 571313386067455401}
  - component: {fileID: 571313386067455403}
  - component: {fileID: 571313386067455402}
  - component: {fileID: 571313386067455404}
  m_Layer: 5
  m_Name: CornerMask
  m_TagString: Untagged
  m_Icon: {fileID: 0}
  m_NavMeshLayer: 0
  m_StaticEditorFlags: 0
  m_IsActive: 1
--- !u!224 &571313386067455401
RectTransform:
  m_ObjectHideFlags: 0
  m_CorrespondingSourceObject: {fileID: 0}
  m_PrefabInstance: {fileID: 0}
  m_PrefabAsset: {fileID: 0}
  m_GameObject: {fileID: 571313386067455400}
  m_LocalRotation: {x: -0, y: -0, z: 0.38268343, w: 0.92387956}
  m_LocalPosition: {x: 0, y: 0, z: 0}
  m_LocalScale: {x: 1, y: 1, z: 1}
  m_ConstrainProportionsScale: 0
  m_Children:
  - {fileID: 571313385381901150}
  m_Father: {fileID: 571313385883478833}
  m_RootOrder: 0
  m_LocalEulerAnglesHint: {x: 0, y: 0, z: 45}
  m_AnchorMin: {x: 0, y: 0}
  m_AnchorMax: {x: 0, y: 0}
  m_AnchoredPosition: {x: 0, y: 0}
  m_SizeDelta: {x: 169.70563, y: 169.70563}
  m_Pivot: {x: 0.5, y: 0.5}
--- !u!222 &571313386067455403
CanvasRenderer:
  m_ObjectHideFlags: 0
  m_CorrespondingSourceObject: {fileID: 0}
  m_PrefabInstance: {fileID: 0}
  m_PrefabAsset: {fileID: 0}
  m_GameObject: {fileID: 571313386067455400}
  m_CullTransparentMesh: 1
--- !u!114 &571313386067455402
MonoBehaviour:
  m_ObjectHideFlags: 0
  m_CorrespondingSourceObject: {fileID: 0}
  m_PrefabInstance: {fileID: 0}
  m_PrefabAsset: {fileID: 0}
  m_GameObject: {fileID: 571313386067455400}
  m_Enabled: 1
  m_EditorHideFlags: 0
  m_Script: {fileID: 11500000, guid: fe87c0e1cc204ed48ad3b37840f39efc, type: 3}
  m_Name: 
  m_EditorClassIdentifier: 
  m_Material: {fileID: 0}
  m_Color: {r: 0, g: 0, b: 0, a: 1}
  m_RaycastTarget: 1
  m_RaycastPadding: {x: 0, y: 0, z: 0, w: 0}
  m_Maskable: 1
  m_OnCullStateChanged:
    m_PersistentCalls:
      m_Calls: []
  m_Sprite: {fileID: 0}
  m_Type: 0
  m_PreserveAspect: 0
  m_FillCenter: 1
  m_FillMethod: 4
  m_FillAmount: 1
  m_FillClockwise: 1
  m_FillOrigin: 0
  m_UseSpriteMesh: 0
  m_PixelsPerUnitMultiplier: 1
--- !u!114 &571313386067455404
MonoBehaviour:
  m_ObjectHideFlags: 0
  m_CorrespondingSourceObject: {fileID: 0}
  m_PrefabInstance: {fileID: 0}
  m_PrefabAsset: {fileID: 0}
  m_GameObject: {fileID: 571313386067455400}
  m_Enabled: 1
  m_EditorHideFlags: 0
  m_Script: {fileID: 11500000, guid: 31a19414c41e5ae4aae2af33fee712f6, type: 3}
  m_Name: 
  m_EditorClassIdentifier: 
  m_ShowMaskGraphic: 0
--- !u!1 &3175549338439590801
GameObject:
  m_ObjectHideFlags: 0
  m_CorrespondingSourceObject: {fileID: 0}
  m_PrefabInstance: {fileID: 0}
  m_PrefabAsset: {fileID: 0}
  serializedVersion: 6
  m_Component:
  - component: {fileID: 3188941513834688290}
  - component: {fileID: 6302153808882797050}
  m_Layer: 5
  m_Name: Targets
  m_TagString: Untagged
  m_Icon: {fileID: 0}
  m_NavMeshLayer: 0
  m_StaticEditorFlags: 0
  m_IsActive: 1
--- !u!224 &3188941513834688290
RectTransform:
  m_ObjectHideFlags: 0
  m_CorrespondingSourceObject: {fileID: 0}
  m_PrefabInstance: {fileID: 0}
  m_PrefabAsset: {fileID: 0}
  m_GameObject: {fileID: 3175549338439590801}
  m_LocalRotation: {x: -0, y: -0, z: -0, w: 1}
  m_LocalPosition: {x: 0, y: 0, z: 0}
  m_LocalScale: {x: 1, y: 1, z: 1}
  m_ConstrainProportionsScale: 0
  m_Children: []
  m_Father: {fileID: 2506463451815784656}
  m_RootOrder: 2
  m_LocalEulerAnglesHint: {x: 0, y: 0, z: 0}
  m_AnchorMin: {x: 0, y: 0}
  m_AnchorMax: {x: 1, y: 1}
  m_AnchoredPosition: {x: 0, y: 0}
  m_SizeDelta: {x: 0, y: 0}
  m_Pivot: {x: 0, y: 1}
--- !u!222 &6302153808882797050
CanvasRenderer:
  m_ObjectHideFlags: 0
  m_CorrespondingSourceObject: {fileID: 0}
  m_PrefabInstance: {fileID: 0}
  m_PrefabAsset: {fileID: 0}
  m_GameObject: {fileID: 3175549338439590801}
  m_CullTransparentMesh: 1
--- !u!1 &3476334360266995724
GameObject:
  m_ObjectHideFlags: 0
  m_CorrespondingSourceObject: {fileID: 0}
  m_PrefabInstance: {fileID: 0}
  m_PrefabAsset: {fileID: 0}
  serializedVersion: 6
  m_Component:
  - component: {fileID: 3431714459892634214}
  - component: {fileID: 5465324703328884787}
  - component: {fileID: 2660061372058919584}
  m_Layer: 5
  m_Name: BG
  m_TagString: Untagged
  m_Icon: {fileID: 0}
  m_NavMeshLayer: 0
  m_StaticEditorFlags: 0
  m_IsActive: 1
--- !u!224 &3431714459892634214
RectTransform:
  m_ObjectHideFlags: 0
  m_CorrespondingSourceObject: {fileID: 0}
  m_PrefabInstance: {fileID: 0}
  m_PrefabAsset: {fileID: 0}
  m_GameObject: {fileID: 3476334360266995724}
  m_LocalRotation: {x: 0, y: 0, z: 0, w: 1}
  m_LocalPosition: {x: 0, y: 0, z: 0}
  m_LocalScale: {x: 1, y: 1, z: 1}
  m_ConstrainProportionsScale: 0
  m_Children: []
  m_Father: {fileID: 571313385828689706}
  m_RootOrder: 0
  m_LocalEulerAnglesHint: {x: 0, y: 0, z: 0}
  m_AnchorMin: {x: 0, y: 0}
  m_AnchorMax: {x: 1, y: 1}
  m_AnchoredPosition: {x: 0, y: 0}
  m_SizeDelta: {x: 0, y: 0}
  m_Pivot: {x: 0.5, y: 0.5}
--- !u!222 &5465324703328884787
CanvasRenderer:
  m_ObjectHideFlags: 0
  m_CorrespondingSourceObject: {fileID: 0}
  m_PrefabInstance: {fileID: 0}
  m_PrefabAsset: {fileID: 0}
  m_GameObject: {fileID: 3476334360266995724}
  m_CullTransparentMesh: 1
--- !u!114 &2660061372058919584
MonoBehaviour:
  m_ObjectHideFlags: 0
  m_CorrespondingSourceObject: {fileID: 0}
  m_PrefabInstance: {fileID: 0}
  m_PrefabAsset: {fileID: 0}
  m_GameObject: {fileID: 3476334360266995724}
  m_Enabled: 1
  m_EditorHideFlags: 0
  m_Script: {fileID: 11500000, guid: fe87c0e1cc204ed48ad3b37840f39efc, type: 3}
  m_Name: 
  m_EditorClassIdentifier: 
  m_Material: {fileID: 0}
  m_Color: {r: 0, g: 0, b: 0, a: 1}
  m_RaycastTarget: 1
  m_RaycastPadding: {x: 0, y: 0, z: 0, w: 0}
  m_Maskable: 1
  m_OnCullStateChanged:
    m_PersistentCalls:
      m_Calls: []
  m_Sprite: {fileID: 0}
  m_Type: 0
  m_PreserveAspect: 0
  m_FillCenter: 1
  m_FillMethod: 4
  m_FillAmount: 1
  m_FillClockwise: 1
  m_FillOrigin: 0
  m_UseSpriteMesh: 0
  m_PixelsPerUnitMultiplier: 1
--- !u!1 &4007832482212877354
GameObject:
  m_ObjectHideFlags: 0
  m_CorrespondingSourceObject: {fileID: 0}
  m_PrefabInstance: {fileID: 0}
  m_PrefabAsset: {fileID: 0}
  serializedVersion: 6
  m_Component:
  - component: {fileID: 7684442120055385386}
  - component: {fileID: 7245181711669040591}
  m_Layer: 5
  m_Name: Zones
  m_TagString: Untagged
  m_Icon: {fileID: 0}
  m_NavMeshLayer: 0
  m_StaticEditorFlags: 0
  m_IsActive: 1
--- !u!224 &7684442120055385386
RectTransform:
  m_ObjectHideFlags: 0
  m_CorrespondingSourceObject: {fileID: 0}
  m_PrefabInstance: {fileID: 0}
  m_PrefabAsset: {fileID: 0}
  m_GameObject: {fileID: 4007832482212877354}
  m_LocalRotation: {x: -0, y: -0, z: -0, w: 1}
  m_LocalPosition: {x: 0, y: 0, z: 0}
  m_LocalScale: {x: 1, y: 1, z: 1}
  m_ConstrainProportionsScale: 0
  m_Children:
  - {fileID: 449504470381638806}
  - {fileID: 5647653868059877967}
  - {fileID: 1227171608327571979}
  - {fileID: 228876442054768412}
  - {fileID: 4894446256245803729}
  m_Father: {fileID: 2506463451815784656}
  m_RootOrder: 0
  m_LocalEulerAnglesHint: {x: 0, y: 0, z: 0}
  m_AnchorMin: {x: 0, y: 0.5}
  m_AnchorMax: {x: 0, y: 0.5}
  m_AnchoredPosition: {x: 0, y: 0}
  m_SizeDelta: {x: 1000, y: 1000}
  m_Pivot: {x: 0, y: 0.5}
--- !u!222 &7245181711669040591
CanvasRenderer:
  m_ObjectHideFlags: 0
  m_CorrespondingSourceObject: {fileID: 0}
  m_PrefabInstance: {fileID: 0}
  m_PrefabAsset: {fileID: 0}
  m_GameObject: {fileID: 4007832482212877354}
  m_CullTransparentMesh: 1
--- !u!1 &6145343007199937730
GameObject:
  m_ObjectHideFlags: 0
  m_CorrespondingSourceObject: {fileID: 0}
  m_PrefabInstance: {fileID: 0}
  m_PrefabAsset: {fileID: 0}
  serializedVersion: 6
  m_Component:
  - component: {fileID: 7327895402410104143}
  m_Layer: 5
  m_Name: TopExtraAnimation
  m_TagString: Untagged
  m_Icon: {fileID: 0}
  m_NavMeshLayer: 0
  m_StaticEditorFlags: 0
  m_IsActive: 1
--- !u!224 &7327895402410104143
RectTransform:
  m_ObjectHideFlags: 0
  m_CorrespondingSourceObject: {fileID: 0}
  m_PrefabInstance: {fileID: 0}
  m_PrefabAsset: {fileID: 0}
  m_GameObject: {fileID: 6145343007199937730}
  m_LocalRotation: {x: -0, y: -0, z: -0, w: 1}
  m_LocalPosition: {x: 0, y: 0, z: 0}
  m_LocalScale: {x: 1, y: 1, z: 1}
  m_ConstrainProportionsScale: 0
  m_Children: []
  m_Father: {fileID: 2506463451815784656}
  m_RootOrder: 3
  m_LocalEulerAnglesHint: {x: 0, y: 0, z: 0}
  m_AnchorMin: {x: 0, y: 0}
  m_AnchorMax: {x: 1, y: 1}
  m_AnchoredPosition: {x: 0, y: 0}
  m_SizeDelta: {x: 0, y: 0}
  m_Pivot: {x: 0.5, y: 0.5}
--- !u!1 &6336848493499146137
GameObject:
  m_ObjectHideFlags: 0
  m_CorrespondingSourceObject: {fileID: 0}
  m_PrefabInstance: {fileID: 0}
  m_PrefabAsset: {fileID: 0}
  serializedVersion: 6
  m_Component:
  - component: {fileID: 3915832196417343771}
  m_Layer: 5
  m_Name: BottomExtraAnimation
  m_TagString: Untagged
  m_Icon: {fileID: 0}
  m_NavMeshLayer: 0
  m_StaticEditorFlags: 0
  m_IsActive: 1
--- !u!224 &3915832196417343771
RectTransform:
  m_ObjectHideFlags: 0
  m_CorrespondingSourceObject: {fileID: 0}
  m_PrefabInstance: {fileID: 0}
  m_PrefabAsset: {fileID: 0}
  m_GameObject: {fileID: 6336848493499146137}
  m_LocalRotation: {x: -0, y: -0, z: -0, w: 1}
  m_LocalPosition: {x: 0, y: 0, z: 0}
  m_LocalScale: {x: 1, y: 1, z: 1}
  m_ConstrainProportionsScale: 0
  m_Children: []
  m_Father: {fileID: 2506463451815784656}
  m_RootOrder: 1
  m_LocalEulerAnglesHint: {x: 0, y: 0, z: 0}
  m_AnchorMin: {x: 0, y: 0}
  m_AnchorMax: {x: 1, y: 1}
  m_AnchoredPosition: {x: 0, y: 0}
  m_SizeDelta: {x: 0, y: 0}
  m_Pivot: {x: 0.5, y: 0.5}
--- !u!1001 &212905863056466269
PrefabInstance:
  m_ObjectHideFlags: 0
  serializedVersion: 2
  m_Modification:
    m_TransformParent: {fileID: 7684442120055385386}
    m_Modifications:
    - target: {fileID: 2057299290493449761, guid: 157df9781edb61c4d8792ccd0ada4a27, type: 3}
      propertyPath: Width
      value: 12
      objectReference: {fileID: 0}
    - target: {fileID: 2057299290493449761, guid: 157df9781edb61c4d8792ccd0ada4a27, type: 3}
      propertyPath: m_Color.a
      value: 1
      objectReference: {fileID: 0}
    - target: {fileID: 2057299290493449761, guid: 157df9781edb61c4d8792ccd0ada4a27, type: 3}
      propertyPath: m_Color.b
      value: 0
      objectReference: {fileID: 0}
    - target: {fileID: 2057299290493449761, guid: 157df9781edb61c4d8792ccd0ada4a27, type: 3}
      propertyPath: m_Color.g
      value: 0
      objectReference: {fileID: 0}
    - target: {fileID: 2057299290493449761, guid: 157df9781edb61c4d8792ccd0ada4a27, type: 3}
      propertyPath: m_Color.r
      value: 0
      objectReference: {fileID: 0}
    - target: {fileID: 2057299290493449761, guid: 157df9781edb61c4d8792ccd0ada4a27, type: 3}
      propertyPath: m_Material
      value: 
      objectReference: {fileID: 0}
    - target: {fileID: 5518065697689027346, guid: 157df9781edb61c4d8792ccd0ada4a27, type: 3}
      propertyPath: m_Pivot.x
      value: 0.5
      objectReference: {fileID: 0}
    - target: {fileID: 5518065697689027346, guid: 157df9781edb61c4d8792ccd0ada4a27, type: 3}
      propertyPath: m_Pivot.y
      value: 0.5
      objectReference: {fileID: 0}
    - target: {fileID: 5518065697689027346, guid: 157df9781edb61c4d8792ccd0ada4a27, type: 3}
      propertyPath: m_RootOrder
      value: 1
      objectReference: {fileID: 0}
    - target: {fileID: 5518065697689027346, guid: 157df9781edb61c4d8792ccd0ada4a27, type: 3}
      propertyPath: m_AnchorMax.x
      value: 0.5
      objectReference: {fileID: 0}
    - target: {fileID: 5518065697689027346, guid: 157df9781edb61c4d8792ccd0ada4a27, type: 3}
      propertyPath: m_AnchorMax.y
      value: 0.5
      objectReference: {fileID: 0}
    - target: {fileID: 5518065697689027346, guid: 157df9781edb61c4d8792ccd0ada4a27, type: 3}
      propertyPath: m_AnchorMin.x
      value: 0.5
      objectReference: {fileID: 0}
    - target: {fileID: 5518065697689027346, guid: 157df9781edb61c4d8792ccd0ada4a27, type: 3}
      propertyPath: m_AnchorMin.y
      value: 0.5
      objectReference: {fileID: 0}
    - target: {fileID: 5518065697689027346, guid: 157df9781edb61c4d8792ccd0ada4a27, type: 3}
      propertyPath: m_SizeDelta.x
      value: 360
      objectReference: {fileID: 0}
    - target: {fileID: 5518065697689027346, guid: 157df9781edb61c4d8792ccd0ada4a27, type: 3}
      propertyPath: m_SizeDelta.y
      value: 360
      objectReference: {fileID: 0}
    - target: {fileID: 5518065697689027346, guid: 157df9781edb61c4d8792ccd0ada4a27, type: 3}
      propertyPath: m_LocalPosition.x
      value: 0
      objectReference: {fileID: 0}
    - target: {fileID: 5518065697689027346, guid: 157df9781edb61c4d8792ccd0ada4a27, type: 3}
      propertyPath: m_LocalPosition.y
      value: 0
      objectReference: {fileID: 0}
    - target: {fileID: 5518065697689027346, guid: 157df9781edb61c4d8792ccd0ada4a27, type: 3}
      propertyPath: m_LocalPosition.z
      value: 0
      objectReference: {fileID: 0}
    - target: {fileID: 5518065697689027346, guid: 157df9781edb61c4d8792ccd0ada4a27, type: 3}
      propertyPath: m_LocalRotation.w
      value: 1
      objectReference: {fileID: 0}
    - target: {fileID: 5518065697689027346, guid: 157df9781edb61c4d8792ccd0ada4a27, type: 3}
      propertyPath: m_LocalRotation.x
      value: -0
      objectReference: {fileID: 0}
    - target: {fileID: 5518065697689027346, guid: 157df9781edb61c4d8792ccd0ada4a27, type: 3}
      propertyPath: m_LocalRotation.y
      value: -0
      objectReference: {fileID: 0}
    - target: {fileID: 5518065697689027346, guid: 157df9781edb61c4d8792ccd0ada4a27, type: 3}
      propertyPath: m_LocalRotation.z
      value: -0
      objectReference: {fileID: 0}
    - target: {fileID: 5518065697689027346, guid: 157df9781edb61c4d8792ccd0ada4a27, type: 3}
      propertyPath: m_AnchoredPosition.x
      value: 0
      objectReference: {fileID: 0}
    - target: {fileID: 5518065697689027346, guid: 157df9781edb61c4d8792ccd0ada4a27, type: 3}
      propertyPath: m_AnchoredPosition.y
      value: 0
      objectReference: {fileID: 0}
    - target: {fileID: 5518065697689027346, guid: 157df9781edb61c4d8792ccd0ada4a27, type: 3}
      propertyPath: m_LocalEulerAnglesHint.x
      value: 0
      objectReference: {fileID: 0}
    - target: {fileID: 5518065697689027346, guid: 157df9781edb61c4d8792ccd0ada4a27, type: 3}
      propertyPath: m_LocalEulerAnglesHint.y
      value: 0
      objectReference: {fileID: 0}
    - target: {fileID: 5518065697689027346, guid: 157df9781edb61c4d8792ccd0ada4a27, type: 3}
      propertyPath: m_LocalEulerAnglesHint.z
      value: 0
      objectReference: {fileID: 0}
    - target: {fileID: 7870513216289788560, guid: 157df9781edb61c4d8792ccd0ada4a27, type: 3}
      propertyPath: m_Name
      value: Zone 0
      objectReference: {fileID: 0}
    m_RemovedComponents: []
  m_SourcePrefab: {fileID: 100100000, guid: 157df9781edb61c4d8792ccd0ada4a27, type: 3}
--- !u!224 &5647653868059877967 stripped
RectTransform:
  m_CorrespondingSourceObject: {fileID: 5518065697689027346, guid: 157df9781edb61c4d8792ccd0ada4a27, type: 3}
  m_PrefabInstance: {fileID: 212905863056466269}
  m_PrefabAsset: {fileID: 0}
--- !u!1001 &571313384889097523
PrefabInstance:
  m_ObjectHideFlags: 0
  serializedVersion: 2
  m_Modification:
    m_TransformParent: {fileID: 571313385854282498}
    m_Modifications:
    - target: {fileID: 3288241429745390850, guid: 2cf3539322cbee24791533f327c49824, type: 3}
      propertyPath: m_fontAsset
      value: 
      objectReference: {fileID: 11400000, guid: 8f586378b4e144a9851e7b34d9b748ee, type: 2}
    - target: {fileID: 3288241429745390850, guid: 2cf3539322cbee24791533f327c49824, type: 3}
      propertyPath: m_sharedMaterial
      value: 
      objectReference: {fileID: 2180264, guid: 8f586378b4e144a9851e7b34d9b748ee, type: 2}
    - target: {fileID: 5073242556568739918, guid: 2cf3539322cbee24791533f327c49824, type: 3}
      propertyPath: m_AnchoredPosition.x
      value: 0.25810242
      objectReference: {fileID: 0}
    - target: {fileID: 6352237806410730196, guid: 2cf3539322cbee24791533f327c49824, type: 3}
      propertyPath: m_Pivot.x
      value: 0
      objectReference: {fileID: 0}
    - target: {fileID: 6352237806410730196, guid: 2cf3539322cbee24791533f327c49824, type: 3}
      propertyPath: m_Pivot.y
      value: 0.5
      objectReference: {fileID: 0}
    - target: {fileID: 6352237806410730196, guid: 2cf3539322cbee24791533f327c49824, type: 3}
      propertyPath: m_RootOrder
      value: 0
      objectReference: {fileID: 0}
    - target: {fileID: 6352237806410730196, guid: 2cf3539322cbee24791533f327c49824, type: 3}
      propertyPath: m_AnchorMax.x
      value: 0
      objectReference: {fileID: 0}
    - target: {fileID: 6352237806410730196, guid: 2cf3539322cbee24791533f327c49824, type: 3}
      propertyPath: m_AnchorMax.y
      value: 1
      objectReference: {fileID: 0}
    - target: {fileID: 6352237806410730196, guid: 2cf3539322cbee24791533f327c49824, type: 3}
      propertyPath: m_AnchorMin.x
      value: 0
      objectReference: {fileID: 0}
    - target: {fileID: 6352237806410730196, guid: 2cf3539322cbee24791533f327c49824, type: 3}
      propertyPath: m_AnchorMin.y
      value: 0
      objectReference: {fileID: 0}
    - target: {fileID: 6352237806410730196, guid: 2cf3539322cbee24791533f327c49824, type: 3}
      propertyPath: m_SizeDelta.x
      value: 85
      objectReference: {fileID: 0}
    - target: {fileID: 6352237806410730196, guid: 2cf3539322cbee24791533f327c49824, type: 3}
      propertyPath: m_SizeDelta.y
      value: 0
      objectReference: {fileID: 0}
    - target: {fileID: 6352237806410730196, guid: 2cf3539322cbee24791533f327c49824, type: 3}
      propertyPath: m_LocalPosition.x
      value: 0
      objectReference: {fileID: 0}
    - target: {fileID: 6352237806410730196, guid: 2cf3539322cbee24791533f327c49824, type: 3}
      propertyPath: m_LocalPosition.y
      value: 0
      objectReference: {fileID: 0}
    - target: {fileID: 6352237806410730196, guid: 2cf3539322cbee24791533f327c49824, type: 3}
      propertyPath: m_LocalPosition.z
      value: 0
      objectReference: {fileID: 0}
    - target: {fileID: 6352237806410730196, guid: 2cf3539322cbee24791533f327c49824, type: 3}
      propertyPath: m_LocalRotation.w
      value: 1
      objectReference: {fileID: 0}
    - target: {fileID: 6352237806410730196, guid: 2cf3539322cbee24791533f327c49824, type: 3}
      propertyPath: m_LocalRotation.x
      value: -0
      objectReference: {fileID: 0}
    - target: {fileID: 6352237806410730196, guid: 2cf3539322cbee24791533f327c49824, type: 3}
      propertyPath: m_LocalRotation.y
      value: -0
      objectReference: {fileID: 0}
    - target: {fileID: 6352237806410730196, guid: 2cf3539322cbee24791533f327c49824, type: 3}
      propertyPath: m_LocalRotation.z
      value: -0
      objectReference: {fileID: 0}
    - target: {fileID: 6352237806410730196, guid: 2cf3539322cbee24791533f327c49824, type: 3}
      propertyPath: m_AnchoredPosition.x
      value: 0
      objectReference: {fileID: 0}
    - target: {fileID: 6352237806410730196, guid: 2cf3539322cbee24791533f327c49824, type: 3}
      propertyPath: m_AnchoredPosition.y
      value: 0
      objectReference: {fileID: 0}
    - target: {fileID: 6352237806410730196, guid: 2cf3539322cbee24791533f327c49824, type: 3}
      propertyPath: m_LocalEulerAnglesHint.x
      value: 0
      objectReference: {fileID: 0}
    - target: {fileID: 6352237806410730196, guid: 2cf3539322cbee24791533f327c49824, type: 3}
      propertyPath: m_LocalEulerAnglesHint.y
      value: 0
      objectReference: {fileID: 0}
    - target: {fileID: 6352237806410730196, guid: 2cf3539322cbee24791533f327c49824, type: 3}
      propertyPath: m_LocalEulerAnglesHint.z
      value: 0
      objectReference: {fileID: 0}
    - target: {fileID: 6645106439989485389, guid: 2cf3539322cbee24791533f327c49824, type: 3}
      propertyPath: m_Name
      value: LangButton
      objectReference: {fileID: 0}
    m_RemovedComponents: []
  m_SourcePrefab: {fileID: 100100000, guid: 2cf3539322cbee24791533f327c49824, type: 3}
--- !u!224 &6902356721639266279 stripped
RectTransform:
  m_CorrespondingSourceObject: {fileID: 6352237806410730196, guid: 2cf3539322cbee24791533f327c49824, type: 3}
  m_PrefabInstance: {fileID: 571313384889097523}
  m_PrefabAsset: {fileID: 0}
--- !u!1001 &571313385430985349
PrefabInstance:
  m_ObjectHideFlags: 0
  serializedVersion: 2
  m_Modification:
    m_TransformParent: {fileID: 571313385854282498}
    m_Modifications:
    - target: {fileID: 5789789650451076498, guid: 4eab195a62984754386f239cb3660df4, type: 3}
      propertyPath: m_Name
      value: HandButton
      objectReference: {fileID: 0}
    - target: {fileID: 6072805830930874379, guid: 4eab195a62984754386f239cb3660df4, type: 3}
      propertyPath: m_Pivot.x
      value: 0.5
      objectReference: {fileID: 0}
    - target: {fileID: 6072805830930874379, guid: 4eab195a62984754386f239cb3660df4, type: 3}
      propertyPath: m_Pivot.y
      value: 0.5
      objectReference: {fileID: 0}
    - target: {fileID: 6072805830930874379, guid: 4eab195a62984754386f239cb3660df4, type: 3}
      propertyPath: m_RootOrder
      value: 1
      objectReference: {fileID: 0}
    - target: {fileID: 6072805830930874379, guid: 4eab195a62984754386f239cb3660df4, type: 3}
      propertyPath: m_AnchorMax.x
      value: 0.5
      objectReference: {fileID: 0}
    - target: {fileID: 6072805830930874379, guid: 4eab195a62984754386f239cb3660df4, type: 3}
      propertyPath: m_AnchorMax.y
      value: 1
      objectReference: {fileID: 0}
    - target: {fileID: 6072805830930874379, guid: 4eab195a62984754386f239cb3660df4, type: 3}
      propertyPath: m_AnchorMin.x
      value: 0.5
      objectReference: {fileID: 0}
    - target: {fileID: 6072805830930874379, guid: 4eab195a62984754386f239cb3660df4, type: 3}
      propertyPath: m_AnchorMin.y
      value: 0
      objectReference: {fileID: 0}
    - target: {fileID: 6072805830930874379, guid: 4eab195a62984754386f239cb3660df4, type: 3}
      propertyPath: m_SizeDelta.x
      value: 85
      objectReference: {fileID: 0}
    - target: {fileID: 6072805830930874379, guid: 4eab195a62984754386f239cb3660df4, type: 3}
      propertyPath: m_SizeDelta.y
      value: 0
      objectReference: {fileID: 0}
    - target: {fileID: 6072805830930874379, guid: 4eab195a62984754386f239cb3660df4, type: 3}
      propertyPath: m_LocalPosition.x
      value: 0
      objectReference: {fileID: 0}
    - target: {fileID: 6072805830930874379, guid: 4eab195a62984754386f239cb3660df4, type: 3}
      propertyPath: m_LocalPosition.y
      value: 0
      objectReference: {fileID: 0}
    - target: {fileID: 6072805830930874379, guid: 4eab195a62984754386f239cb3660df4, type: 3}
      propertyPath: m_LocalPosition.z
      value: 0
      objectReference: {fileID: 0}
    - target: {fileID: 6072805830930874379, guid: 4eab195a62984754386f239cb3660df4, type: 3}
      propertyPath: m_LocalRotation.w
      value: 1
      objectReference: {fileID: 0}
    - target: {fileID: 6072805830930874379, guid: 4eab195a62984754386f239cb3660df4, type: 3}
      propertyPath: m_LocalRotation.x
      value: 0
      objectReference: {fileID: 0}
    - target: {fileID: 6072805830930874379, guid: 4eab195a62984754386f239cb3660df4, type: 3}
      propertyPath: m_LocalRotation.y
      value: 0
      objectReference: {fileID: 0}
    - target: {fileID: 6072805830930874379, guid: 4eab195a62984754386f239cb3660df4, type: 3}
      propertyPath: m_LocalRotation.z
      value: 0
      objectReference: {fileID: 0}
    - target: {fileID: 6072805830930874379, guid: 4eab195a62984754386f239cb3660df4, type: 3}
      propertyPath: m_AnchoredPosition.x
      value: 0
      objectReference: {fileID: 0}
    - target: {fileID: 6072805830930874379, guid: 4eab195a62984754386f239cb3660df4, type: 3}
      propertyPath: m_AnchoredPosition.y
      value: 0
      objectReference: {fileID: 0}
    - target: {fileID: 6072805830930874379, guid: 4eab195a62984754386f239cb3660df4, type: 3}
      propertyPath: m_LocalEulerAnglesHint.x
      value: 0
      objectReference: {fileID: 0}
    - target: {fileID: 6072805830930874379, guid: 4eab195a62984754386f239cb3660df4, type: 3}
      propertyPath: m_LocalEulerAnglesHint.y
      value: 0
      objectReference: {fileID: 0}
    - target: {fileID: 6072805830930874379, guid: 4eab195a62984754386f239cb3660df4, type: 3}
      propertyPath: m_LocalEulerAnglesHint.z
      value: 0
      objectReference: {fileID: 0}
    m_RemovedComponents: []
  m_SourcePrefab: {fileID: 100100000, guid: 4eab195a62984754386f239cb3660df4, type: 3}
--- !u!224 &6028990338700700302 stripped
RectTransform:
  m_CorrespondingSourceObject: {fileID: 6072805830930874379, guid: 4eab195a62984754386f239cb3660df4, type: 3}
  m_PrefabInstance: {fileID: 571313385430985349}
  m_PrefabAsset: {fileID: 0}
--- !u!1001 &571313386372472972
PrefabInstance:
  m_ObjectHideFlags: 0
  serializedVersion: 2
  m_Modification:
    m_TransformParent: {fileID: 571313385854282498}
    m_Modifications:
    - target: {fileID: 6587018014778092400, guid: bb5d82189c60aa04c901c4eca62ae493, type: 3}
      propertyPath: m_Pivot.x
      value: 1
      objectReference: {fileID: 0}
    - target: {fileID: 6587018014778092400, guid: bb5d82189c60aa04c901c4eca62ae493, type: 3}
      propertyPath: m_Pivot.y
      value: 0.5
      objectReference: {fileID: 0}
    - target: {fileID: 6587018014778092400, guid: bb5d82189c60aa04c901c4eca62ae493, type: 3}
      propertyPath: m_RootOrder
      value: 2
      objectReference: {fileID: 0}
    - target: {fileID: 6587018014778092400, guid: bb5d82189c60aa04c901c4eca62ae493, type: 3}
      propertyPath: m_AnchorMax.x
      value: 1
      objectReference: {fileID: 0}
    - target: {fileID: 6587018014778092400, guid: bb5d82189c60aa04c901c4eca62ae493, type: 3}
      propertyPath: m_AnchorMax.y
      value: 1
      objectReference: {fileID: 0}
    - target: {fileID: 6587018014778092400, guid: bb5d82189c60aa04c901c4eca62ae493, type: 3}
      propertyPath: m_AnchorMin.x
      value: 1
      objectReference: {fileID: 0}
    - target: {fileID: 6587018014778092400, guid: bb5d82189c60aa04c901c4eca62ae493, type: 3}
      propertyPath: m_AnchorMin.y
      value: 0
      objectReference: {fileID: 0}
    - target: {fileID: 6587018014778092400, guid: bb5d82189c60aa04c901c4eca62ae493, type: 3}
      propertyPath: m_SizeDelta.x
      value: 85
      objectReference: {fileID: 0}
    - target: {fileID: 6587018014778092400, guid: bb5d82189c60aa04c901c4eca62ae493, type: 3}
      propertyPath: m_SizeDelta.y
      value: 0
      objectReference: {fileID: 0}
    - target: {fileID: 6587018014778092400, guid: bb5d82189c60aa04c901c4eca62ae493, type: 3}
      propertyPath: m_LocalPosition.x
      value: 0
      objectReference: {fileID: 0}
    - target: {fileID: 6587018014778092400, guid: bb5d82189c60aa04c901c4eca62ae493, type: 3}
      propertyPath: m_LocalPosition.y
      value: 0
      objectReference: {fileID: 0}
    - target: {fileID: 6587018014778092400, guid: bb5d82189c60aa04c901c4eca62ae493, type: 3}
      propertyPath: m_LocalPosition.z
      value: 0
      objectReference: {fileID: 0}
    - target: {fileID: 6587018014778092400, guid: bb5d82189c60aa04c901c4eca62ae493, type: 3}
      propertyPath: m_LocalRotation.w
      value: 1
      objectReference: {fileID: 0}
    - target: {fileID: 6587018014778092400, guid: bb5d82189c60aa04c901c4eca62ae493, type: 3}
      propertyPath: m_LocalRotation.x
      value: -0
      objectReference: {fileID: 0}
    - target: {fileID: 6587018014778092400, guid: bb5d82189c60aa04c901c4eca62ae493, type: 3}
      propertyPath: m_LocalRotation.y
      value: -0
      objectReference: {fileID: 0}
    - target: {fileID: 6587018014778092400, guid: bb5d82189c60aa04c901c4eca62ae493, type: 3}
      propertyPath: m_LocalRotation.z
      value: -0
      objectReference: {fileID: 0}
    - target: {fileID: 6587018014778092400, guid: bb5d82189c60aa04c901c4eca62ae493, type: 3}
      propertyPath: m_AnchoredPosition.x
      value: 0
      objectReference: {fileID: 0}
    - target: {fileID: 6587018014778092400, guid: bb5d82189c60aa04c901c4eca62ae493, type: 3}
      propertyPath: m_AnchoredPosition.y
      value: 0
      objectReference: {fileID: 0}
    - target: {fileID: 6587018014778092400, guid: bb5d82189c60aa04c901c4eca62ae493, type: 3}
      propertyPath: m_LocalEulerAnglesHint.x
      value: 0
      objectReference: {fileID: 0}
    - target: {fileID: 6587018014778092400, guid: bb5d82189c60aa04c901c4eca62ae493, type: 3}
      propertyPath: m_LocalEulerAnglesHint.y
      value: 0
      objectReference: {fileID: 0}
    - target: {fileID: 6587018014778092400, guid: bb5d82189c60aa04c901c4eca62ae493, type: 3}
      propertyPath: m_LocalEulerAnglesHint.z
      value: 0
      objectReference: {fileID: 0}
    - target: {fileID: 6878771537674157801, guid: bb5d82189c60aa04c901c4eca62ae493, type: 3}
      propertyPath: m_Name
      value: ResetButton
      objectReference: {fileID: 0}
    m_RemovedComponents: []
  m_SourcePrefab: {fileID: 100100000, guid: bb5d82189c60aa04c901c4eca62ae493, type: 3}
--- !u!224 &6666593550540098556 stripped
RectTransform:
  m_CorrespondingSourceObject: {fileID: 6587018014778092400, guid: bb5d82189c60aa04c901c4eca62ae493, type: 3}
  m_PrefabInstance: {fileID: 571313386372472972}
  m_PrefabAsset: {fileID: 0}
--- !u!1001 &1114794239008459203
PrefabInstance:
  m_ObjectHideFlags: 0
  serializedVersion: 2
  m_Modification:
    m_TransformParent: {fileID: 7684442120055385386}
    m_Modifications:
    - target: {fileID: 2057299290493449761, guid: 157df9781edb61c4d8792ccd0ada4a27, type: 3}
      propertyPath: Width
      value: 3
      objectReference: {fileID: 0}
    - target: {fileID: 2057299290493449761, guid: 157df9781edb61c4d8792ccd0ada4a27, type: 3}
      propertyPath: m_Color.a
      value: 1
      objectReference: {fileID: 0}
    - target: {fileID: 2057299290493449761, guid: 157df9781edb61c4d8792ccd0ada4a27, type: 3}
      propertyPath: m_Color.b
      value: 0
      objectReference: {fileID: 0}
    - target: {fileID: 2057299290493449761, guid: 157df9781edb61c4d8792ccd0ada4a27, type: 3}
      propertyPath: m_Color.g
      value: 0
      objectReference: {fileID: 0}
    - target: {fileID: 2057299290493449761, guid: 157df9781edb61c4d8792ccd0ada4a27, type: 3}
      propertyPath: m_Color.r
      value: 0
      objectReference: {fileID: 0}
    - target: {fileID: 2057299290493449761, guid: 157df9781edb61c4d8792ccd0ada4a27, type: 3}
      propertyPath: m_Material
      value: 
      objectReference: {fileID: 0}
    - target: {fileID: 5518065697689027346, guid: 157df9781edb61c4d8792ccd0ada4a27, type: 3}
      propertyPath: m_Pivot.x
      value: 0.5
      objectReference: {fileID: 0}
    - target: {fileID: 5518065697689027346, guid: 157df9781edb61c4d8792ccd0ada4a27, type: 3}
      propertyPath: m_Pivot.y
      value: 0.5
      objectReference: {fileID: 0}
    - target: {fileID: 5518065697689027346, guid: 157df9781edb61c4d8792ccd0ada4a27, type: 3}
      propertyPath: m_RootOrder
      value: 4
      objectReference: {fileID: 0}
    - target: {fileID: 5518065697689027346, guid: 157df9781edb61c4d8792ccd0ada4a27, type: 3}
      propertyPath: m_AnchorMax.x
      value: 0.5
      objectReference: {fileID: 0}
    - target: {fileID: 5518065697689027346, guid: 157df9781edb61c4d8792ccd0ada4a27, type: 3}
      propertyPath: m_AnchorMax.y
      value: 0.5
      objectReference: {fileID: 0}
    - target: {fileID: 5518065697689027346, guid: 157df9781edb61c4d8792ccd0ada4a27, type: 3}
      propertyPath: m_AnchorMin.x
      value: 0.5
      objectReference: {fileID: 0}
    - target: {fileID: 5518065697689027346, guid: 157df9781edb61c4d8792ccd0ada4a27, type: 3}
      propertyPath: m_AnchorMin.y
      value: 0.5
      objectReference: {fileID: 0}
    - target: {fileID: 5518065697689027346, guid: 157df9781edb61c4d8792ccd0ada4a27, type: 3}
      propertyPath: m_SizeDelta.x
      value: 1000
      objectReference: {fileID: 0}
    - target: {fileID: 5518065697689027346, guid: 157df9781edb61c4d8792ccd0ada4a27, type: 3}
      propertyPath: m_SizeDelta.y
      value: 1000
      objectReference: {fileID: 0}
    - target: {fileID: 5518065697689027346, guid: 157df9781edb61c4d8792ccd0ada4a27, type: 3}
      propertyPath: m_LocalPosition.x
      value: 0
      objectReference: {fileID: 0}
    - target: {fileID: 5518065697689027346, guid: 157df9781edb61c4d8792ccd0ada4a27, type: 3}
      propertyPath: m_LocalPosition.y
      value: 0
      objectReference: {fileID: 0}
    - target: {fileID: 5518065697689027346, guid: 157df9781edb61c4d8792ccd0ada4a27, type: 3}
      propertyPath: m_LocalPosition.z
      value: 0
      objectReference: {fileID: 0}
    - target: {fileID: 5518065697689027346, guid: 157df9781edb61c4d8792ccd0ada4a27, type: 3}
      propertyPath: m_LocalRotation.w
      value: 1
      objectReference: {fileID: 0}
    - target: {fileID: 5518065697689027346, guid: 157df9781edb61c4d8792ccd0ada4a27, type: 3}
      propertyPath: m_LocalRotation.x
      value: -0
      objectReference: {fileID: 0}
    - target: {fileID: 5518065697689027346, guid: 157df9781edb61c4d8792ccd0ada4a27, type: 3}
      propertyPath: m_LocalRotation.y
      value: -0
      objectReference: {fileID: 0}
    - target: {fileID: 5518065697689027346, guid: 157df9781edb61c4d8792ccd0ada4a27, type: 3}
      propertyPath: m_LocalRotation.z
      value: -0
      objectReference: {fileID: 0}
    - target: {fileID: 5518065697689027346, guid: 157df9781edb61c4d8792ccd0ada4a27, type: 3}
      propertyPath: m_AnchoredPosition.x
      value: 0
      objectReference: {fileID: 0}
    - target: {fileID: 5518065697689027346, guid: 157df9781edb61c4d8792ccd0ada4a27, type: 3}
      propertyPath: m_AnchoredPosition.y
      value: 0
      objectReference: {fileID: 0}
    - target: {fileID: 5518065697689027346, guid: 157df9781edb61c4d8792ccd0ada4a27, type: 3}
      propertyPath: m_LocalEulerAnglesHint.x
      value: 0
      objectReference: {fileID: 0}
    - target: {fileID: 5518065697689027346, guid: 157df9781edb61c4d8792ccd0ada4a27, type: 3}
      propertyPath: m_LocalEulerAnglesHint.y
      value: 0
      objectReference: {fileID: 0}
    - target: {fileID: 5518065697689027346, guid: 157df9781edb61c4d8792ccd0ada4a27, type: 3}
      propertyPath: m_LocalEulerAnglesHint.z
      value: 0
      objectReference: {fileID: 0}
    - target: {fileID: 7870513216289788560, guid: 157df9781edb61c4d8792ccd0ada4a27, type: 3}
      propertyPath: m_Name
      value: Zone 3
      objectReference: {fileID: 0}
    - target: {fileID: 7870513216289788560, guid: 157df9781edb61c4d8792ccd0ada4a27, type: 3}
      propertyPath: m_IsActive
      value: 1
      objectReference: {fileID: 0}
    m_RemovedComponents: []
  m_SourcePrefab: {fileID: 100100000, guid: 157df9781edb61c4d8792ccd0ada4a27, type: 3}
--- !u!224 &4894446256245803729 stripped
RectTransform:
  m_CorrespondingSourceObject: {fileID: 5518065697689027346, guid: 157df9781edb61c4d8792ccd0ada4a27, type: 3}
  m_PrefabInstance: {fileID: 1114794239008459203}
  m_PrefabAsset: {fileID: 0}
--- !u!1001 &5379811899096037252
PrefabInstance:
  m_ObjectHideFlags: 0
  serializedVersion: 2
  m_Modification:
    m_TransformParent: {fileID: 7684442120055385386}
    m_Modifications:
    - target: {fileID: 2057299290493449761, guid: 157df9781edb61c4d8792ccd0ada4a27, type: 3}
      propertyPath: Width
      value: 0
      objectReference: {fileID: 0}
    - target: {fileID: 2057299290493449761, guid: 157df9781edb61c4d8792ccd0ada4a27, type: 3}
      propertyPath: m_Color.a
      value: 1
      objectReference: {fileID: 0}
    - target: {fileID: 2057299290493449761, guid: 157df9781edb61c4d8792ccd0ada4a27, type: 3}
      propertyPath: m_Color.b
      value: 1
      objectReference: {fileID: 0}
    - target: {fileID: 2057299290493449761, guid: 157df9781edb61c4d8792ccd0ada4a27, type: 3}
      propertyPath: m_Color.g
      value: 0.3647059
      objectReference: {fileID: 0}
    - target: {fileID: 2057299290493449761, guid: 157df9781edb61c4d8792ccd0ada4a27, type: 3}
      propertyPath: m_Color.r
      value: 0.5019608
      objectReference: {fileID: 0}
    - target: {fileID: 2057299290493449761, guid: 157df9781edb61c4d8792ccd0ada4a27, type: 3}
      propertyPath: m_Enabled
      value: 1
      objectReference: {fileID: 0}
    - target: {fileID: 2057299290493449761, guid: 157df9781edb61c4d8792ccd0ada4a27, type: 3}
      propertyPath: m_Material
      value: 
      objectReference: {fileID: 0}
    - target: {fileID: 5518065697689027346, guid: 157df9781edb61c4d8792ccd0ada4a27, type: 3}
      propertyPath: m_Pivot.x
      value: 0.5
      objectReference: {fileID: 0}
    - target: {fileID: 5518065697689027346, guid: 157df9781edb61c4d8792ccd0ada4a27, type: 3}
      propertyPath: m_Pivot.y
      value: 0.5
      objectReference: {fileID: 0}
    - target: {fileID: 5518065697689027346, guid: 157df9781edb61c4d8792ccd0ada4a27, type: 3}
      propertyPath: m_RootOrder
      value: 0
      objectReference: {fileID: 0}
    - target: {fileID: 5518065697689027346, guid: 157df9781edb61c4d8792ccd0ada4a27, type: 3}
      propertyPath: m_AnchorMax.x
      value: 0.5
      objectReference: {fileID: 0}
    - target: {fileID: 5518065697689027346, guid: 157df9781edb61c4d8792ccd0ada4a27, type: 3}
      propertyPath: m_AnchorMax.y
      value: 0.5
      objectReference: {fileID: 0}
    - target: {fileID: 5518065697689027346, guid: 157df9781edb61c4d8792ccd0ada4a27, type: 3}
      propertyPath: m_AnchorMin.x
      value: 0.5
      objectReference: {fileID: 0}
    - target: {fileID: 5518065697689027346, guid: 157df9781edb61c4d8792ccd0ada4a27, type: 3}
      propertyPath: m_AnchorMin.y
      value: 0.5
      objectReference: {fileID: 0}
    - target: {fileID: 5518065697689027346, guid: 157df9781edb61c4d8792ccd0ada4a27, type: 3}
      propertyPath: m_SizeDelta.x
      value: 0
      objectReference: {fileID: 0}
    - target: {fileID: 5518065697689027346, guid: 157df9781edb61c4d8792ccd0ada4a27, type: 3}
      propertyPath: m_SizeDelta.y
      value: 0
      objectReference: {fileID: 0}
    - target: {fileID: 5518065697689027346, guid: 157df9781edb61c4d8792ccd0ada4a27, type: 3}
      propertyPath: m_LocalPosition.x
      value: 0
      objectReference: {fileID: 0}
    - target: {fileID: 5518065697689027346, guid: 157df9781edb61c4d8792ccd0ada4a27, type: 3}
      propertyPath: m_LocalPosition.y
      value: 0
      objectReference: {fileID: 0}
    - target: {fileID: 5518065697689027346, guid: 157df9781edb61c4d8792ccd0ada4a27, type: 3}
      propertyPath: m_LocalPosition.z
      value: 0
      objectReference: {fileID: 0}
    - target: {fileID: 5518065697689027346, guid: 157df9781edb61c4d8792ccd0ada4a27, type: 3}
      propertyPath: m_LocalRotation.w
      value: 1
      objectReference: {fileID: 0}
    - target: {fileID: 5518065697689027346, guid: 157df9781edb61c4d8792ccd0ada4a27, type: 3}
      propertyPath: m_LocalRotation.x
      value: -0
      objectReference: {fileID: 0}
    - target: {fileID: 5518065697689027346, guid: 157df9781edb61c4d8792ccd0ada4a27, type: 3}
      propertyPath: m_LocalRotation.y
      value: -0
      objectReference: {fileID: 0}
    - target: {fileID: 5518065697689027346, guid: 157df9781edb61c4d8792ccd0ada4a27, type: 3}
      propertyPath: m_LocalRotation.z
      value: -0
      objectReference: {fileID: 0}
    - target: {fileID: 5518065697689027346, guid: 157df9781edb61c4d8792ccd0ada4a27, type: 3}
      propertyPath: m_AnchoredPosition.x
      value: 0
      objectReference: {fileID: 0}
    - target: {fileID: 5518065697689027346, guid: 157df9781edb61c4d8792ccd0ada4a27, type: 3}
      propertyPath: m_AnchoredPosition.y
      value: 0
      objectReference: {fileID: 0}
    - target: {fileID: 5518065697689027346, guid: 157df9781edb61c4d8792ccd0ada4a27, type: 3}
      propertyPath: m_LocalEulerAnglesHint.x
      value: 0
      objectReference: {fileID: 0}
    - target: {fileID: 5518065697689027346, guid: 157df9781edb61c4d8792ccd0ada4a27, type: 3}
      propertyPath: m_LocalEulerAnglesHint.y
      value: 0
      objectReference: {fileID: 0}
    - target: {fileID: 5518065697689027346, guid: 157df9781edb61c4d8792ccd0ada4a27, type: 3}
      propertyPath: m_LocalEulerAnglesHint.z
      value: 0
      objectReference: {fileID: 0}
    - target: {fileID: 7870513216289788560, guid: 157df9781edb61c4d8792ccd0ada4a27, type: 3}
      propertyPath: m_Name
      value: Zone -1
      objectReference: {fileID: 0}
    - target: {fileID: 7870513216289788560, guid: 157df9781edb61c4d8792ccd0ada4a27, type: 3}
      propertyPath: m_IsActive
      value: 1
      objectReference: {fileID: 0}
    m_RemovedComponents: []
  m_SourcePrefab: {fileID: 100100000, guid: 157df9781edb61c4d8792ccd0ada4a27, type: 3}
--- !u!224 &449504470381638806 stripped
RectTransform:
  m_CorrespondingSourceObject: {fileID: 5518065697689027346, guid: 157df9781edb61c4d8792ccd0ada4a27, type: 3}
  m_PrefabInstance: {fileID: 5379811899096037252}
  m_PrefabAsset: {fileID: 0}
--- !u!1001 &5744687040791114766
PrefabInstance:
  m_ObjectHideFlags: 0
  serializedVersion: 2
  m_Modification:
    m_TransformParent: {fileID: 7684442120055385386}
    m_Modifications:
    - target: {fileID: 2057299290493449761, guid: 157df9781edb61c4d8792ccd0ada4a27, type: 3}
      propertyPath: Width
      value: 3
      objectReference: {fileID: 0}
    - target: {fileID: 2057299290493449761, guid: 157df9781edb61c4d8792ccd0ada4a27, type: 3}
      propertyPath: m_Color.a
      value: 1
      objectReference: {fileID: 0}
    - target: {fileID: 2057299290493449761, guid: 157df9781edb61c4d8792ccd0ada4a27, type: 3}
      propertyPath: m_Color.b
      value: 0
      objectReference: {fileID: 0}
    - target: {fileID: 2057299290493449761, guid: 157df9781edb61c4d8792ccd0ada4a27, type: 3}
      propertyPath: m_Color.g
      value: 0
      objectReference: {fileID: 0}
    - target: {fileID: 2057299290493449761, guid: 157df9781edb61c4d8792ccd0ada4a27, type: 3}
      propertyPath: m_Color.r
      value: 0
      objectReference: {fileID: 0}
    - target: {fileID: 2057299290493449761, guid: 157df9781edb61c4d8792ccd0ada4a27, type: 3}
      propertyPath: m_Material
      value: 
      objectReference: {fileID: 0}
    - target: {fileID: 5518065697689027346, guid: 157df9781edb61c4d8792ccd0ada4a27, type: 3}
      propertyPath: m_Pivot.x
      value: 0.5
      objectReference: {fileID: 0}
    - target: {fileID: 5518065697689027346, guid: 157df9781edb61c4d8792ccd0ada4a27, type: 3}
      propertyPath: m_Pivot.y
      value: 0.5
      objectReference: {fileID: 0}
    - target: {fileID: 5518065697689027346, guid: 157df9781edb61c4d8792ccd0ada4a27, type: 3}
      propertyPath: m_RootOrder
      value: 3
      objectReference: {fileID: 0}
    - target: {fileID: 5518065697689027346, guid: 157df9781edb61c4d8792ccd0ada4a27, type: 3}
      propertyPath: m_AnchorMax.x
      value: 0.5
      objectReference: {fileID: 0}
    - target: {fileID: 5518065697689027346, guid: 157df9781edb61c4d8792ccd0ada4a27, type: 3}
      propertyPath: m_AnchorMax.y
      value: 0.5
      objectReference: {fileID: 0}
    - target: {fileID: 5518065697689027346, guid: 157df9781edb61c4d8792ccd0ada4a27, type: 3}
      propertyPath: m_AnchorMin.x
      value: 0.5
      objectReference: {fileID: 0}
    - target: {fileID: 5518065697689027346, guid: 157df9781edb61c4d8792ccd0ada4a27, type: 3}
      propertyPath: m_AnchorMin.y
      value: 0.5
      objectReference: {fileID: 0}
    - target: {fileID: 5518065697689027346, guid: 157df9781edb61c4d8792ccd0ada4a27, type: 3}
      propertyPath: m_SizeDelta.x
      value: 760
      objectReference: {fileID: 0}
    - target: {fileID: 5518065697689027346, guid: 157df9781edb61c4d8792ccd0ada4a27, type: 3}
      propertyPath: m_SizeDelta.y
      value: 760
      objectReference: {fileID: 0}
    - target: {fileID: 5518065697689027346, guid: 157df9781edb61c4d8792ccd0ada4a27, type: 3}
      propertyPath: m_LocalPosition.x
      value: 0
      objectReference: {fileID: 0}
    - target: {fileID: 5518065697689027346, guid: 157df9781edb61c4d8792ccd0ada4a27, type: 3}
      propertyPath: m_LocalPosition.y
      value: 0
      objectReference: {fileID: 0}
    - target: {fileID: 5518065697689027346, guid: 157df9781edb61c4d8792ccd0ada4a27, type: 3}
      propertyPath: m_LocalPosition.z
      value: 0
      objectReference: {fileID: 0}
    - target: {fileID: 5518065697689027346, guid: 157df9781edb61c4d8792ccd0ada4a27, type: 3}
      propertyPath: m_LocalRotation.w
      value: 1
      objectReference: {fileID: 0}
    - target: {fileID: 5518065697689027346, guid: 157df9781edb61c4d8792ccd0ada4a27, type: 3}
      propertyPath: m_LocalRotation.x
      value: -0
      objectReference: {fileID: 0}
    - target: {fileID: 5518065697689027346, guid: 157df9781edb61c4d8792ccd0ada4a27, type: 3}
      propertyPath: m_LocalRotation.y
      value: -0
      objectReference: {fileID: 0}
    - target: {fileID: 5518065697689027346, guid: 157df9781edb61c4d8792ccd0ada4a27, type: 3}
      propertyPath: m_LocalRotation.z
      value: -0
      objectReference: {fileID: 0}
    - target: {fileID: 5518065697689027346, guid: 157df9781edb61c4d8792ccd0ada4a27, type: 3}
      propertyPath: m_AnchoredPosition.x
      value: 0
      objectReference: {fileID: 0}
    - target: {fileID: 5518065697689027346, guid: 157df9781edb61c4d8792ccd0ada4a27, type: 3}
      propertyPath: m_AnchoredPosition.y
      value: 0
      objectReference: {fileID: 0}
    - target: {fileID: 5518065697689027346, guid: 157df9781edb61c4d8792ccd0ada4a27, type: 3}
      propertyPath: m_LocalEulerAnglesHint.x
      value: 0
      objectReference: {fileID: 0}
    - target: {fileID: 5518065697689027346, guid: 157df9781edb61c4d8792ccd0ada4a27, type: 3}
      propertyPath: m_LocalEulerAnglesHint.y
      value: 0
      objectReference: {fileID: 0}
    - target: {fileID: 5518065697689027346, guid: 157df9781edb61c4d8792ccd0ada4a27, type: 3}
      propertyPath: m_LocalEulerAnglesHint.z
      value: 0
      objectReference: {fileID: 0}
    - target: {fileID: 7870513216289788560, guid: 157df9781edb61c4d8792ccd0ada4a27, type: 3}
      propertyPath: m_Name
      value: Zone 2
      objectReference: {fileID: 0}
    m_RemovedComponents: []
  m_SourcePrefab: {fileID: 100100000, guid: 157df9781edb61c4d8792ccd0ada4a27, type: 3}
--- !u!224 &228876442054768412 stripped
RectTransform:
  m_CorrespondingSourceObject: {fileID: 5518065697689027346, guid: 157df9781edb61c4d8792ccd0ada4a27, type: 3}
  m_PrefabInstance: {fileID: 5744687040791114766}
  m_PrefabAsset: {fileID: 0}
--- !u!1001 &6742963515432798489
PrefabInstance:
  m_ObjectHideFlags: 0
  serializedVersion: 2
  m_Modification:
    m_TransformParent: {fileID: 7684442120055385386}
    m_Modifications:
    - target: {fileID: 2057299290493449761, guid: 157df9781edb61c4d8792ccd0ada4a27, type: 3}
      propertyPath: Width
      value: 6
      objectReference: {fileID: 0}
    - target: {fileID: 2057299290493449761, guid: 157df9781edb61c4d8792ccd0ada4a27, type: 3}
      propertyPath: m_Color.a
      value: 1
      objectReference: {fileID: 0}
    - target: {fileID: 2057299290493449761, guid: 157df9781edb61c4d8792ccd0ada4a27, type: 3}
      propertyPath: m_Color.b
      value: 0
      objectReference: {fileID: 0}
    - target: {fileID: 2057299290493449761, guid: 157df9781edb61c4d8792ccd0ada4a27, type: 3}
      propertyPath: m_Color.g
      value: 0
      objectReference: {fileID: 0}
    - target: {fileID: 2057299290493449761, guid: 157df9781edb61c4d8792ccd0ada4a27, type: 3}
      propertyPath: m_Color.r
      value: 0
      objectReference: {fileID: 0}
    - target: {fileID: 2057299290493449761, guid: 157df9781edb61c4d8792ccd0ada4a27, type: 3}
      propertyPath: m_Material
      value: 
      objectReference: {fileID: 0}
    - target: {fileID: 5518065697689027346, guid: 157df9781edb61c4d8792ccd0ada4a27, type: 3}
      propertyPath: m_Pivot.x
      value: 0.5
      objectReference: {fileID: 0}
    - target: {fileID: 5518065697689027346, guid: 157df9781edb61c4d8792ccd0ada4a27, type: 3}
      propertyPath: m_Pivot.y
      value: 0.5
      objectReference: {fileID: 0}
    - target: {fileID: 5518065697689027346, guid: 157df9781edb61c4d8792ccd0ada4a27, type: 3}
      propertyPath: m_RootOrder
      value: 2
      objectReference: {fileID: 0}
    - target: {fileID: 5518065697689027346, guid: 157df9781edb61c4d8792ccd0ada4a27, type: 3}
      propertyPath: m_AnchorMax.x
      value: 0.5
      objectReference: {fileID: 0}
    - target: {fileID: 5518065697689027346, guid: 157df9781edb61c4d8792ccd0ada4a27, type: 3}
      propertyPath: m_AnchorMax.y
      value: 0.5
      objectReference: {fileID: 0}
    - target: {fileID: 5518065697689027346, guid: 157df9781edb61c4d8792ccd0ada4a27, type: 3}
      propertyPath: m_AnchorMin.x
      value: 0.5
      objectReference: {fileID: 0}
    - target: {fileID: 5518065697689027346, guid: 157df9781edb61c4d8792ccd0ada4a27, type: 3}
      propertyPath: m_AnchorMin.y
      value: 0.5
      objectReference: {fileID: 0}
    - target: {fileID: 5518065697689027346, guid: 157df9781edb61c4d8792ccd0ada4a27, type: 3}
      propertyPath: m_SizeDelta.x
      value: 560
      objectReference: {fileID: 0}
    - target: {fileID: 5518065697689027346, guid: 157df9781edb61c4d8792ccd0ada4a27, type: 3}
      propertyPath: m_SizeDelta.y
      value: 560
      objectReference: {fileID: 0}
    - target: {fileID: 5518065697689027346, guid: 157df9781edb61c4d8792ccd0ada4a27, type: 3}
      propertyPath: m_LocalPosition.x
      value: 0
      objectReference: {fileID: 0}
    - target: {fileID: 5518065697689027346, guid: 157df9781edb61c4d8792ccd0ada4a27, type: 3}
      propertyPath: m_LocalPosition.y
      value: 0
      objectReference: {fileID: 0}
    - target: {fileID: 5518065697689027346, guid: 157df9781edb61c4d8792ccd0ada4a27, type: 3}
      propertyPath: m_LocalPosition.z
      value: 0
      objectReference: {fileID: 0}
    - target: {fileID: 5518065697689027346, guid: 157df9781edb61c4d8792ccd0ada4a27, type: 3}
      propertyPath: m_LocalRotation.w
      value: 1
      objectReference: {fileID: 0}
    - target: {fileID: 5518065697689027346, guid: 157df9781edb61c4d8792ccd0ada4a27, type: 3}
      propertyPath: m_LocalRotation.x
      value: -0
      objectReference: {fileID: 0}
    - target: {fileID: 5518065697689027346, guid: 157df9781edb61c4d8792ccd0ada4a27, type: 3}
      propertyPath: m_LocalRotation.y
      value: -0
      objectReference: {fileID: 0}
    - target: {fileID: 5518065697689027346, guid: 157df9781edb61c4d8792ccd0ada4a27, type: 3}
      propertyPath: m_LocalRotation.z
      value: -0
      objectReference: {fileID: 0}
    - target: {fileID: 5518065697689027346, guid: 157df9781edb61c4d8792ccd0ada4a27, type: 3}
      propertyPath: m_AnchoredPosition.x
      value: 0
      objectReference: {fileID: 0}
    - target: {fileID: 5518065697689027346, guid: 157df9781edb61c4d8792ccd0ada4a27, type: 3}
      propertyPath: m_AnchoredPosition.y
      value: 0
      objectReference: {fileID: 0}
    - target: {fileID: 5518065697689027346, guid: 157df9781edb61c4d8792ccd0ada4a27, type: 3}
      propertyPath: m_LocalEulerAnglesHint.x
      value: 0
      objectReference: {fileID: 0}
    - target: {fileID: 5518065697689027346, guid: 157df9781edb61c4d8792ccd0ada4a27, type: 3}
      propertyPath: m_LocalEulerAnglesHint.y
      value: 0
      objectReference: {fileID: 0}
    - target: {fileID: 5518065697689027346, guid: 157df9781edb61c4d8792ccd0ada4a27, type: 3}
      propertyPath: m_LocalEulerAnglesHint.z
      value: 0
      objectReference: {fileID: 0}
    - target: {fileID: 7870513216289788560, guid: 157df9781edb61c4d8792ccd0ada4a27, type: 3}
      propertyPath: m_Name
      value: Zone 1
      objectReference: {fileID: 0}
    m_RemovedComponents: []
  m_SourcePrefab: {fileID: 100100000, guid: 157df9781edb61c4d8792ccd0ada4a27, type: 3}
--- !u!224 &1227171608327571979 stripped
RectTransform:
  m_CorrespondingSourceObject: {fileID: 5518065697689027346, guid: 157df9781edb61c4d8792ccd0ada4a27, type: 3}
  m_PrefabInstance: {fileID: 6742963515432798489}
  m_PrefabAsset: {fileID: 0}
