%YAML 1.1
%TAG !u! tag:unity3d.com,2011:
--- !u!1 &8586850458378249670
GameObject:
  m_ObjectHideFlags: 0
  m_CorrespondingSourceObject: {fileID: 0}
  m_PrefabInstance: {fileID: 0}
  m_PrefabAsset: {fileID: 0}
  serializedVersion: 6
  m_Component:
  - component: {fileID: 2469576504670923704}
  - component: {fileID: 139915538581173917}
  - component: {fileID: 7525427698095756352}
  m_Layer: 5
  m_Name: Separator
  m_TagString: Untagged
  m_Icon: {fileID: 0}
  m_NavMeshLayer: 0
  m_StaticEditorFlags: 0
  m_IsActive: 1
--- !u!224 &2469576504670923704
RectTransform:
  m_ObjectHideFlags: 0
  m_CorrespondingSourceObject: {fileID: 0}
  m_PrefabInstance: {fileID: 0}
  m_PrefabAsset: {fileID: 0}
  m_GameObject: {fileID: 8586850458378249670}
  m_LocalRotation: {x: 0, y: 0, z: 0, w: 1}
  m_LocalPosition: {x: 0, y: 0, z: 0}
  m_LocalScale: {x: 1, y: 1, z: 1}
  m_ConstrainProportionsScale: 0
  m_Children:
  - {fileID: 3291381742864745839}
  m_Father: {fileID: 8846710858978564151}
  m_RootOrder: 2
  m_LocalEulerAnglesHint: {x: 0, y: 0, z: 0}
  m_AnchorMin: {x: 0, y: 0}
  m_AnchorMax: {x: 0, y: 0}
  m_AnchoredPosition: {x: 0, y: 0}
  m_SizeDelta: {x: 400, y: 1}
  m_Pivot: {x: 0.5, y: 0.5}
--- !u!222 &139915538581173917
CanvasRenderer:
  m_ObjectHideFlags: 0
  m_CorrespondingSourceObject: {fileID: 0}
  m_PrefabInstance: {fileID: 0}
  m_PrefabAsset: {fileID: 0}
  m_GameObject: {fileID: 8586850458378249670}
  m_CullTransparentMesh: 1
--- !u!114 &7525427698095756352
MonoBehaviour:
  m_ObjectHideFlags: 0
  m_CorrespondingSourceObject: {fileID: 0}
  m_PrefabInstance: {fileID: 0}
  m_PrefabAsset: {fileID: 0}
  m_GameObject: {fileID: 8586850458378249670}
  m_Enabled: 1
  m_EditorHideFlags: 0
  m_Script: {fileID: 11500000, guid: fe87c0e1cc204ed48ad3b37840f39efc, type: 3}
  m_Name: 
  m_EditorClassIdentifier: 
  m_Material: {fileID: 0}
  m_Color: {r: 0.33333334, g: 0.33333334, b: 0.33333334, a: 1}
  m_RaycastTarget: 1
  m_RaycastPadding: {x: 0, y: 0, z: 0, w: 0}
  m_Maskable: 1
  m_OnCullStateChanged:
    m_PersistentCalls:
      m_Calls: []
  m_Sprite: {fileID: 0}
  m_Type: 0
  m_PreserveAspect: 0
  m_FillCenter: 1
  m_FillMethod: 4
  m_FillAmount: 1
  m_FillClockwise: 1
  m_FillOrigin: 0
  m_UseSpriteMesh: 0
  m_PixelsPerUnitMultiplier: 1
--- !u!1 &8790952448352316271
GameObject:
  m_ObjectHideFlags: 0
  m_CorrespondingSourceObject: {fileID: 0}
  m_PrefabInstance: {fileID: 0}
  m_PrefabAsset: {fileID: 0}
  serializedVersion: 6
  m_Component:
  - component: {fileID: 3291381742864745839}
  - component: {fileID: 3978390869227124848}
  - component: {fileID: 1020311958313688902}
  m_Layer: 5
  m_Name: Image
  m_TagString: Untagged
  m_Icon: {fileID: 0}
  m_NavMeshLayer: 0
  m_StaticEditorFlags: 0
  m_IsActive: 1
--- !u!224 &3291381742864745839
RectTransform:
  m_ObjectHideFlags: 0
  m_CorrespondingSourceObject: {fileID: 0}
  m_PrefabInstance: {fileID: 0}
  m_PrefabAsset: {fileID: 0}
  m_GameObject: {fileID: 8790952448352316271}
  m_LocalRotation: {x: -0, y: -0, z: -0, w: 1}
  m_LocalPosition: {x: 0, y: 0, z: 0}
  m_LocalScale: {x: 1, y: 1, z: 1}
  m_ConstrainProportionsScale: 0
  m_Children: []
  m_Father: {fileID: 2469576504670923704}
  m_RootOrder: 0
  m_LocalEulerAnglesHint: {x: 0, y: 0, z: 0}
  m_AnchorMin: {x: 0, y: 1}
  m_AnchorMax: {x: 0, y: 1}
  m_AnchoredPosition: {x: 0, y: 0}
  m_SizeDelta: {x: 120, y: 1}
  m_Pivot: {x: 0, y: 1}
--- !u!222 &3978390869227124848
CanvasRenderer:
  m_ObjectHideFlags: 0
  m_CorrespondingSourceObject: {fileID: 0}
  m_PrefabInstance: {fileID: 0}
  m_PrefabAsset: {fileID: 0}
  m_GameObject: {fileID: 8790952448352316271}
  m_CullTransparentMesh: 1
--- !u!114 &1020311958313688902
MonoBehaviour:
  m_ObjectHideFlags: 0
  m_CorrespondingSourceObject: {fileID: 0}
  m_PrefabInstance: {fileID: 0}
  m_PrefabAsset: {fileID: 0}
  m_GameObject: {fileID: 8790952448352316271}
  m_Enabled: 1
  m_EditorHideFlags: 0
  m_Script: {fileID: 11500000, guid: fe87c0e1cc204ed48ad3b37840f39efc, type: 3}
  m_Name: 
  m_EditorClassIdentifier: 
  m_Material: {fileID: 0}
  m_Color: {r: 1, g: 1, b: 1, a: 1}
  m_RaycastTarget: 1
  m_RaycastPadding: {x: 0, y: 0, z: 0, w: 0}
  m_Maskable: 1
  m_OnCullStateChanged:
    m_PersistentCalls:
      m_Calls: []
  m_Sprite: {fileID: 0}
  m_Type: 0
  m_PreserveAspect: 0
  m_FillCenter: 1
  m_FillMethod: 4
  m_FillAmount: 1
  m_FillClockwise: 1
  m_FillOrigin: 0
  m_UseSpriteMesh: 0
  m_PixelsPerUnitMultiplier: 1
--- !u!1001 &878678892900120355
PrefabInstance:
  m_ObjectHideFlags: 0
  serializedVersion: 2
  m_Modification:
    m_TransformParent: {fileID: 5866228449096594297}
    m_Modifications:
    - target: {fileID: 966518789376838374, guid: 85375f71b0669134e81f504b41da85af, type: 3}
      propertyPath: m_text
      value: "\u0411"
      objectReference: {fileID: 0}
    - target: {fileID: 966518789376838374, guid: 85375f71b0669134e81f504b41da85af, type: 3}
      propertyPath: m_fontColor.b
      value: 1
      objectReference: {fileID: 0}
    - target: {fileID: 966518789376838374, guid: 85375f71b0669134e81f504b41da85af, type: 3}
      propertyPath: m_fontColor.g
      value: 0.3647059
      objectReference: {fileID: 0}
    - target: {fileID: 966518789376838374, guid: 85375f71b0669134e81f504b41da85af, type: 3}
      propertyPath: m_fontColor.r
      value: 0.5019608
      objectReference: {fileID: 0}
    - target: {fileID: 966518789376838374, guid: 85375f71b0669134e81f504b41da85af, type: 3}
      propertyPath: m_fontColor32.rgba
      value: 4294925696
      objectReference: {fileID: 0}
    - target: {fileID: 1085642684077959090, guid: 85375f71b0669134e81f504b41da85af, type: 3}
      propertyPath: m_Color.b
      value: 1
      objectReference: {fileID: 0}
    - target: {fileID: 1085642684077959090, guid: 85375f71b0669134e81f504b41da85af, type: 3}
      propertyPath: m_Color.g
      value: 1
      objectReference: {fileID: 0}
    - target: {fileID: 1085642684077959090, guid: 85375f71b0669134e81f504b41da85af, type: 3}
      propertyPath: m_Color.r
      value: 1
      objectReference: {fileID: 0}
    - target: {fileID: 4704975560080131003, guid: 85375f71b0669134e81f504b41da85af, type: 3}
      propertyPath: maskColor.b
      value: 1
      objectReference: {fileID: 0}
    - target: {fileID: 4704975560080131003, guid: 85375f71b0669134e81f504b41da85af, type: 3}
      propertyPath: maskColor.g
      value: 1
      objectReference: {fileID: 0}
    - target: {fileID: 4704975560080131003, guid: 85375f71b0669134e81f504b41da85af, type: 3}
      propertyPath: maskColor.r
      value: 1
      objectReference: {fileID: 0}
    - target: {fileID: 4704975560080131003, guid: 85375f71b0669134e81f504b41da85af, type: 3}
      propertyPath: textColor.b
      value: 1
      objectReference: {fileID: 0}
    - target: {fileID: 4704975560080131003, guid: 85375f71b0669134e81f504b41da85af, type: 3}
      propertyPath: textColor.g
      value: 0.3647059
      objectReference: {fileID: 0}
    - target: {fileID: 4704975560080131003, guid: 85375f71b0669134e81f504b41da85af, type: 3}
      propertyPath: textColor.r
      value: 0.5019608
      objectReference: {fileID: 0}
    - target: {fileID: 8666899934449602116, guid: 85375f71b0669134e81f504b41da85af, type: 3}
      propertyPath: m_Name
      value: Target_B
      objectReference: {fileID: 0}
    - target: {fileID: 8666899934449602117, guid: 85375f71b0669134e81f504b41da85af, type: 3}
      propertyPath: color.b
      value: 0.6
      objectReference: {fileID: 0}
    - target: {fileID: 8666899934449602117, guid: 85375f71b0669134e81f504b41da85af, type: 3}
      propertyPath: color.g
      value: 0.6
      objectReference: {fileID: 0}
    - target: {fileID: 8666899934449602117, guid: 85375f71b0669134e81f504b41da85af, type: 3}
      propertyPath: color.r
      value: 0.6
      objectReference: {fileID: 0}
    - target: {fileID: 8715172201285611549, guid: 85375f71b0669134e81f504b41da85af, type: 3}
      propertyPath: m_Pivot.x
      value: 0.5
      objectReference: {fileID: 0}
    - target: {fileID: 8715172201285611549, guid: 85375f71b0669134e81f504b41da85af, type: 3}
      propertyPath: m_Pivot.y
      value: 0.5
      objectReference: {fileID: 0}
    - target: {fileID: 8715172201285611549, guid: 85375f71b0669134e81f504b41da85af, type: 3}
      propertyPath: m_RootOrder
      value: 1
      objectReference: {fileID: 0}
    - target: {fileID: 8715172201285611549, guid: 85375f71b0669134e81f504b41da85af, type: 3}
      propertyPath: m_AnchorMax.x
      value: 0.5
      objectReference: {fileID: 0}
    - target: {fileID: 8715172201285611549, guid: 85375f71b0669134e81f504b41da85af, type: 3}
      propertyPath: m_AnchorMax.y
      value: 0.5
      objectReference: {fileID: 0}
    - target: {fileID: 8715172201285611549, guid: 85375f71b0669134e81f504b41da85af, type: 3}
      propertyPath: m_AnchorMin.x
      value: 0.5
      objectReference: {fileID: 0}
    - target: {fileID: 8715172201285611549, guid: 85375f71b0669134e81f504b41da85af, type: 3}
      propertyPath: m_AnchorMin.y
      value: 0.5
      objectReference: {fileID: 0}
    - target: {fileID: 8715172201285611549, guid: 85375f71b0669134e81f504b41da85af, type: 3}
      propertyPath: m_SizeDelta.x
      value: 66
      objectReference: {fileID: 0}
    - target: {fileID: 8715172201285611549, guid: 85375f71b0669134e81f504b41da85af, type: 3}
      propertyPath: m_SizeDelta.y
      value: 66
      objectReference: {fileID: 0}
    - target: {fileID: 8715172201285611549, guid: 85375f71b0669134e81f504b41da85af, type: 3}
      propertyPath: m_LocalPosition.x
      value: 0
      objectReference: {fileID: 0}
    - target: {fileID: 8715172201285611549, guid: 85375f71b0669134e81f504b41da85af, type: 3}
      propertyPath: m_LocalPosition.y
      value: 0
      objectReference: {fileID: 0}
    - target: {fileID: 8715172201285611549, guid: 85375f71b0669134e81f504b41da85af, type: 3}
      propertyPath: m_LocalPosition.z
      value: 0
      objectReference: {fileID: 0}
    - target: {fileID: 8715172201285611549, guid: 85375f71b0669134e81f504b41da85af, type: 3}
      propertyPath: m_LocalRotation.w
      value: 1
      objectReference: {fileID: 0}
    - target: {fileID: 8715172201285611549, guid: 85375f71b0669134e81f504b41da85af, type: 3}
      propertyPath: m_LocalRotation.x
      value: 0
      objectReference: {fileID: 0}
    - target: {fileID: 8715172201285611549, guid: 85375f71b0669134e81f504b41da85af, type: 3}
      propertyPath: m_LocalRotation.y
      value: 0
      objectReference: {fileID: 0}
    - target: {fileID: 8715172201285611549, guid: 85375f71b0669134e81f504b41da85af, type: 3}
      propertyPath: m_LocalRotation.z
      value: 0
      objectReference: {fileID: 0}
    - target: {fileID: 8715172201285611549, guid: 85375f71b0669134e81f504b41da85af, type: 3}
      propertyPath: m_AnchoredPosition.x
      value: 0
      objectReference: {fileID: 0}
    - target: {fileID: 8715172201285611549, guid: 85375f71b0669134e81f504b41da85af, type: 3}
      propertyPath: m_AnchoredPosition.y
      value: 0
      objectReference: {fileID: 0}
    - target: {fileID: 8715172201285611549, guid: 85375f71b0669134e81f504b41da85af, type: 3}
      propertyPath: m_LocalEulerAnglesHint.x
      value: 0
      objectReference: {fileID: 0}
    - target: {fileID: 8715172201285611549, guid: 85375f71b0669134e81f504b41da85af, type: 3}
      propertyPath: m_LocalEulerAnglesHint.y
      value: 0
      objectReference: {fileID: 0}
    - target: {fileID: 8715172201285611549, guid: 85375f71b0669134e81f504b41da85af, type: 3}
      propertyPath: m_LocalEulerAnglesHint.z
      value: 0
      objectReference: {fileID: 0}
    - target: {fileID: 9211033300905544820, guid: 85375f71b0669134e81f504b41da85af, type: 3}
      propertyPath: key
      value: Target_B
      objectReference: {fileID: 0}
    m_RemovedComponents: []
  m_SourcePrefab: {fileID: 100100000, guid: 85375f71b0669134e81f504b41da85af, type: 3}
--- !u!1001 &5221920628011481918
PrefabInstance:
  m_ObjectHideFlags: 0
  serializedVersion: 2
  m_Modification:
    m_TransformParent: {fileID: 8846710858978564151}
    m_Modifications:
    - target: {fileID: 2208101823210190160, guid: 5a3bc7a719cb7e14c8ad749f0ca0230f, type: 3}
      propertyPath: m_Name
      value: Text_AG_Regular
      objectReference: {fileID: 0}
    - target: {fileID: 3777682372047498269, guid: 5a3bc7a719cb7e14c8ad749f0ca0230f, type: 3}
      propertyPath: key
      value: IPOnTypical
      objectReference: {fileID: 0}
    - target: {fileID: 4822838460533115742, guid: 5a3bc7a719cb7e14c8ad749f0ca0230f, type: 3}
      propertyPath: m_Pivot.x
      value: 0.5
      objectReference: {fileID: 0}
    - target: {fileID: 4822838460533115742, guid: 5a3bc7a719cb7e14c8ad749f0ca0230f, type: 3}
      propertyPath: m_Pivot.y
      value: 1
      objectReference: {fileID: 0}
    - target: {fileID: 4822838460533115742, guid: 5a3bc7a719cb7e14c8ad749f0ca0230f, type: 3}
      propertyPath: m_RootOrder
      value: 1
      objectReference: {fileID: 0}
    - target: {fileID: 4822838460533115742, guid: 5a3bc7a719cb7e14c8ad749f0ca0230f, type: 3}
      propertyPath: m_AnchorMax.x
      value: 0
      objectReference: {fileID: 0}
    - target: {fileID: 4822838460533115742, guid: 5a3bc7a719cb7e14c8ad749f0ca0230f, type: 3}
      propertyPath: m_AnchorMax.y
      value: 0
      objectReference: {fileID: 0}
    - target: {fileID: 4822838460533115742, guid: 5a3bc7a719cb7e14c8ad749f0ca0230f, type: 3}
      propertyPath: m_AnchorMin.x
      value: 0
      objectReference: {fileID: 0}
    - target: {fileID: 4822838460533115742, guid: 5a3bc7a719cb7e14c8ad749f0ca0230f, type: 3}
      propertyPath: m_AnchorMin.y
      value: 0
      objectReference: {fileID: 0}
    - target: {fileID: 4822838460533115742, guid: 5a3bc7a719cb7e14c8ad749f0ca0230f, type: 3}
      propertyPath: m_SizeDelta.x
      value: 600
      objectReference: {fileID: 0}
    - target: {fileID: 4822838460533115742, guid: 5a3bc7a719cb7e14c8ad749f0ca0230f, type: 3}
      propertyPath: m_SizeDelta.y
      value: 0
      objectReference: {fileID: 0}
    - target: {fileID: 4822838460533115742, guid: 5a3bc7a719cb7e14c8ad749f0ca0230f, type: 3}
      propertyPath: m_LocalPosition.x
      value: 0
      objectReference: {fileID: 0}
    - target: {fileID: 4822838460533115742, guid: 5a3bc7a719cb7e14c8ad749f0ca0230f, type: 3}
      propertyPath: m_LocalPosition.y
      value: 0
      objectReference: {fileID: 0}
    - target: {fileID: 4822838460533115742, guid: 5a3bc7a719cb7e14c8ad749f0ca0230f, type: 3}
      propertyPath: m_LocalPosition.z
      value: 0
      objectReference: {fileID: 0}
    - target: {fileID: 4822838460533115742, guid: 5a3bc7a719cb7e14c8ad749f0ca0230f, type: 3}
      propertyPath: m_LocalRotation.w
      value: 1
      objectReference: {fileID: 0}
    - target: {fileID: 4822838460533115742, guid: 5a3bc7a719cb7e14c8ad749f0ca0230f, type: 3}
      propertyPath: m_LocalRotation.x
      value: 0
      objectReference: {fileID: 0}
    - target: {fileID: 4822838460533115742, guid: 5a3bc7a719cb7e14c8ad749f0ca0230f, type: 3}
      propertyPath: m_LocalRotation.y
      value: 0
      objectReference: {fileID: 0}
    - target: {fileID: 4822838460533115742, guid: 5a3bc7a719cb7e14c8ad749f0ca0230f, type: 3}
      propertyPath: m_LocalRotation.z
      value: 0
      objectReference: {fileID: 0}
    - target: {fileID: 4822838460533115742, guid: 5a3bc7a719cb7e14c8ad749f0ca0230f, type: 3}
      propertyPath: m_AnchoredPosition.x
      value: 400
      objectReference: {fileID: 0}
    - target: {fileID: 4822838460533115742, guid: 5a3bc7a719cb7e14c8ad749f0ca0230f, type: 3}
      propertyPath: m_AnchoredPosition.y
      value: 0
      objectReference: {fileID: 0}
    - target: {fileID: 4822838460533115742, guid: 5a3bc7a719cb7e14c8ad749f0ca0230f, type: 3}
      propertyPath: m_LocalEulerAnglesHint.x
      value: 0
      objectReference: {fileID: 0}
    - target: {fileID: 4822838460533115742, guid: 5a3bc7a719cb7e14c8ad749f0ca0230f, type: 3}
      propertyPath: m_LocalEulerAnglesHint.y
      value: 0
      objectReference: {fileID: 0}
    - target: {fileID: 4822838460533115742, guid: 5a3bc7a719cb7e14c8ad749f0ca0230f, type: 3}
      propertyPath: m_LocalEulerAnglesHint.z
      value: 0
      objectReference: {fileID: 0}
    - target: {fileID: 7506153748956550609, guid: 5a3bc7a719cb7e14c8ad749f0ca0230f, type: 3}
      propertyPath: m_text
      value: "\u041A\u043E\u0433\u0434\u0430 \u0432\u044B \u043F\u043E\u043B\u044C\u0437\u0443\u0435\u0442\u0435\u0441\u044C
        \u043E\u0431\u044B\u0447\u043D\u044B\u043C \u0431\u0440\u0430\u0443\u0437\u0435\u0440\u043E\u043C,
        \u043B\u0435\u0433\u043A\u043E \u0443\u0437\u043D\u0430\u0442\u044C \u0430\u0434\u0440\u0435\u0441
        \u0432\u0430\u0448\u0435\u0433\u043E \u0443\u0441\u0442\u0440\u043E\u0439\u0441\u0442\u0432\u0430."
      objectReference: {fileID: 0}
    - target: {fileID: 7506153748956550609, guid: 5a3bc7a719cb7e14c8ad749f0ca0230f, type: 3}
      propertyPath: m_fontSize
      value: 25
      objectReference: {fileID: 0}
    - target: {fileID: 7506153748956550609, guid: 5a3bc7a719cb7e14c8ad749f0ca0230f, type: 3}
      propertyPath: m_fontSizeBase
      value: 25
      objectReference: {fileID: 0}
    m_RemovedComponents: []
  m_SourcePrefab: {fileID: 100100000, guid: 5a3bc7a719cb7e14c8ad749f0ca0230f, type: 3}
--- !u!1001 &7762156105124730816
PrefabInstance:
  m_ObjectHideFlags: 0
  serializedVersion: 2
  m_Modification:
    m_TransformParent: {fileID: 5866228449096594297}
    m_Modifications:
    - target: {fileID: 966518789376838374, guid: 85375f71b0669134e81f504b41da85af, type: 3}
      propertyPath: m_fontColor.b
      value: 1
      objectReference: {fileID: 0}
    - target: {fileID: 966518789376838374, guid: 85375f71b0669134e81f504b41da85af, type: 3}
      propertyPath: m_fontColor.g
      value: 0.3647059
      objectReference: {fileID: 0}
    - target: {fileID: 966518789376838374, guid: 85375f71b0669134e81f504b41da85af, type: 3}
      propertyPath: m_fontColor.r
      value: 0.5019608
      objectReference: {fileID: 0}
    - target: {fileID: 966518789376838374, guid: 85375f71b0669134e81f504b41da85af, type: 3}
      propertyPath: m_fontColor32.rgba
      value: 4294925696
      objectReference: {fileID: 0}
    - target: {fileID: 1085642684077959090, guid: 85375f71b0669134e81f504b41da85af, type: 3}
      propertyPath: m_Color.b
      value: 1
      objectReference: {fileID: 0}
    - target: {fileID: 1085642684077959090, guid: 85375f71b0669134e81f504b41da85af, type: 3}
      propertyPath: m_Color.g
      value: 1
      objectReference: {fileID: 0}
    - target: {fileID: 1085642684077959090, guid: 85375f71b0669134e81f504b41da85af, type: 3}
      propertyPath: m_Color.r
      value: 1
      objectReference: {fileID: 0}
    - target: {fileID: 4704975560080131003, guid: 85375f71b0669134e81f504b41da85af, type: 3}
      propertyPath: maskColor.b
      value: 1
      objectReference: {fileID: 0}
    - target: {fileID: 4704975560080131003, guid: 85375f71b0669134e81f504b41da85af, type: 3}
      propertyPath: maskColor.g
      value: 1
      objectReference: {fileID: 0}
    - target: {fileID: 4704975560080131003, guid: 85375f71b0669134e81f504b41da85af, type: 3}
      propertyPath: maskColor.r
      value: 1
      objectReference: {fileID: 0}
    - target: {fileID: 4704975560080131003, guid: 85375f71b0669134e81f504b41da85af, type: 3}
      propertyPath: textColor.b
      value: 1
      objectReference: {fileID: 0}
    - target: {fileID: 4704975560080131003, guid: 85375f71b0669134e81f504b41da85af, type: 3}
      propertyPath: textColor.g
      value: 0.3647059
      objectReference: {fileID: 0}
    - target: {fileID: 4704975560080131003, guid: 85375f71b0669134e81f504b41da85af, type: 3}
      propertyPath: textColor.r
      value: 0.5019608
      objectReference: {fileID: 0}
    - target: {fileID: 8666899934449602116, guid: 85375f71b0669134e81f504b41da85af, type: 3}
      propertyPath: m_Name
      value: Target_A
      objectReference: {fileID: 0}
    - target: {fileID: 8666899934449602117, guid: 85375f71b0669134e81f504b41da85af, type: 3}
      propertyPath: color.b
      value: 0.6
      objectReference: {fileID: 0}
    - target: {fileID: 8666899934449602117, guid: 85375f71b0669134e81f504b41da85af, type: 3}
      propertyPath: color.g
      value: 0.6
      objectReference: {fileID: 0}
    - target: {fileID: 8666899934449602117, guid: 85375f71b0669134e81f504b41da85af, type: 3}
      propertyPath: color.r
      value: 0.6
      objectReference: {fileID: 0}
    - target: {fileID: 8715172201285611549, guid: 85375f71b0669134e81f504b41da85af, type: 3}
      propertyPath: m_Pivot.x
      value: 0.5
      objectReference: {fileID: 0}
    - target: {fileID: 8715172201285611549, guid: 85375f71b0669134e81f504b41da85af, type: 3}
      propertyPath: m_Pivot.y
      value: 0.5
      objectReference: {fileID: 0}
    - target: {fileID: 8715172201285611549, guid: 85375f71b0669134e81f504b41da85af, type: 3}
      propertyPath: m_RootOrder
      value: 0
      objectReference: {fileID: 0}
    - target: {fileID: 8715172201285611549, guid: 85375f71b0669134e81f504b41da85af, type: 3}
      propertyPath: m_AnchorMax.x
      value: 0.5
      objectReference: {fileID: 0}
    - target: {fileID: 8715172201285611549, guid: 85375f71b0669134e81f504b41da85af, type: 3}
      propertyPath: m_AnchorMax.y
      value: 0.5
      objectReference: {fileID: 0}
    - target: {fileID: 8715172201285611549, guid: 85375f71b0669134e81f504b41da85af, type: 3}
      propertyPath: m_AnchorMin.x
      value: 0.5
      objectReference: {fileID: 0}
    - target: {fileID: 8715172201285611549, guid: 85375f71b0669134e81f504b41da85af, type: 3}
      propertyPath: m_AnchorMin.y
      value: 0.5
      objectReference: {fileID: 0}
    - target: {fileID: 8715172201285611549, guid: 85375f71b0669134e81f504b41da85af, type: 3}
      propertyPath: m_SizeDelta.x
      value: 66
      objectReference: {fileID: 0}
    - target: {fileID: 8715172201285611549, guid: 85375f71b0669134e81f504b41da85af, type: 3}
      propertyPath: m_SizeDelta.y
      value: 66
      objectReference: {fileID: 0}
    - target: {fileID: 8715172201285611549, guid: 85375f71b0669134e81f504b41da85af, type: 3}
      propertyPath: m_LocalPosition.x
      value: 0
      objectReference: {fileID: 0}
    - target: {fileID: 8715172201285611549, guid: 85375f71b0669134e81f504b41da85af, type: 3}
      propertyPath: m_LocalPosition.y
      value: 0
      objectReference: {fileID: 0}
    - target: {fileID: 8715172201285611549, guid: 85375f71b0669134e81f504b41da85af, type: 3}
      propertyPath: m_LocalPosition.z
      value: 0
      objectReference: {fileID: 0}
    - target: {fileID: 8715172201285611549, guid: 85375f71b0669134e81f504b41da85af, type: 3}
      propertyPath: m_LocalRotation.w
      value: 1
      objectReference: {fileID: 0}
    - target: {fileID: 8715172201285611549, guid: 85375f71b0669134e81f504b41da85af, type: 3}
      propertyPath: m_LocalRotation.x
      value: 0
      objectReference: {fileID: 0}
    - target: {fileID: 8715172201285611549, guid: 85375f71b0669134e81f504b41da85af, type: 3}
      propertyPath: m_LocalRotation.y
      value: 0
      objectReference: {fileID: 0}
    - target: {fileID: 8715172201285611549, guid: 85375f71b0669134e81f504b41da85af, type: 3}
      propertyPath: m_LocalRotation.z
      value: 0
      objectReference: {fileID: 0}
    - target: {fileID: 8715172201285611549, guid: 85375f71b0669134e81f504b41da85af, type: 3}
      propertyPath: m_AnchoredPosition.x
      value: 440
      objectReference: {fileID: 0}
    - target: {fileID: 8715172201285611549, guid: 85375f71b0669134e81f504b41da85af, type: 3}
      propertyPath: m_AnchoredPosition.y
      value: 0
      objectReference: {fileID: 0}
    - target: {fileID: 8715172201285611549, guid: 85375f71b0669134e81f504b41da85af, type: 3}
      propertyPath: m_LocalEulerAnglesHint.x
      value: 0
      objectReference: {fileID: 0}
    - target: {fileID: 8715172201285611549, guid: 85375f71b0669134e81f504b41da85af, type: 3}
      propertyPath: m_LocalEulerAnglesHint.y
      value: 0
      objectReference: {fileID: 0}
    - target: {fileID: 8715172201285611549, guid: 85375f71b0669134e81f504b41da85af, type: 3}
      propertyPath: m_LocalEulerAnglesHint.z
      value: 0
      objectReference: {fileID: 0}
    m_RemovedComponents: []
  m_SourcePrefab: {fileID: 100100000, guid: 85375f71b0669134e81f504b41da85af, type: 3}
--- !u!1001 &9018566936382774363
PrefabInstance:
  m_ObjectHideFlags: 0
  serializedVersion: 2
  m_Modification:
    m_TransformParent: {fileID: 0}
    m_Modifications:
    - target: {fileID: 571313384963671148, guid: cb0d3b536373fec46b288112ea483850, type: 3}
      propertyPath: m_SizeDelta.y
      value: 0
      objectReference: {fileID: 0}
    - target: {fileID: 571313384963671148, guid: cb0d3b536373fec46b288112ea483850, type: 3}
      propertyPath: m_AnchoredPosition.y
      value: 0
      objectReference: {fileID: 0}
    - target: {fileID: 571313385828689705, guid: cb0d3b536373fec46b288112ea483850, type: 3}
      propertyPath: m_Name
      value: Screen_177
      objectReference: {fileID: 0}
    - target: {fileID: 571313385828689706, guid: cb0d3b536373fec46b288112ea483850, type: 3}
      propertyPath: m_Pivot.x
      value: 0.5
      objectReference: {fileID: 0}
    - target: {fileID: 571313385828689706, guid: cb0d3b536373fec46b288112ea483850, type: 3}
      propertyPath: m_Pivot.y
      value: 0.5
      objectReference: {fileID: 0}
    - target: {fileID: 571313385828689706, guid: cb0d3b536373fec46b288112ea483850, type: 3}
      propertyPath: m_RootOrder
      value: 0
      objectReference: {fileID: 0}
    - target: {fileID: 571313385828689706, guid: cb0d3b536373fec46b288112ea483850, type: 3}
      propertyPath: m_AnchorMax.x
      value: 1
      objectReference: {fileID: 0}
    - target: {fileID: 571313385828689706, guid: cb0d3b536373fec46b288112ea483850, type: 3}
      propertyPath: m_AnchorMax.y
      value: 1
      objectReference: {fileID: 0}
    - target: {fileID: 571313385828689706, guid: cb0d3b536373fec46b288112ea483850, type: 3}
      propertyPath: m_AnchorMin.x
      value: 0
      objectReference: {fileID: 0}
    - target: {fileID: 571313385828689706, guid: cb0d3b536373fec46b288112ea483850, type: 3}
      propertyPath: m_AnchorMin.y
      value: 0
      objectReference: {fileID: 0}
    - target: {fileID: 571313385828689706, guid: cb0d3b536373fec46b288112ea483850, type: 3}
      propertyPath: m_SizeDelta.x
      value: 0
      objectReference: {fileID: 0}
    - target: {fileID: 571313385828689706, guid: cb0d3b536373fec46b288112ea483850, type: 3}
      propertyPath: m_SizeDelta.y
      value: 0
      objectReference: {fileID: 0}
    - target: {fileID: 571313385828689706, guid: cb0d3b536373fec46b288112ea483850, type: 3}
      propertyPath: m_LocalPosition.x
      value: 0
      objectReference: {fileID: 0}
    - target: {fileID: 571313385828689706, guid: cb0d3b536373fec46b288112ea483850, type: 3}
      propertyPath: m_LocalPosition.y
      value: 0
      objectReference: {fileID: 0}
    - target: {fileID: 571313385828689706, guid: cb0d3b536373fec46b288112ea483850, type: 3}
      propertyPath: m_LocalPosition.z
      value: 0
      objectReference: {fileID: 0}
    - target: {fileID: 571313385828689706, guid: cb0d3b536373fec46b288112ea483850, type: 3}
      propertyPath: m_LocalRotation.w
      value: 1
      objectReference: {fileID: 0}
    - target: {fileID: 571313385828689706, guid: cb0d3b536373fec46b288112ea483850, type: 3}
      propertyPath: m_LocalRotation.x
      value: 0
      objectReference: {fileID: 0}
    - target: {fileID: 571313385828689706, guid: cb0d3b536373fec46b288112ea483850, type: 3}
      propertyPath: m_LocalRotation.y
      value: 0
      objectReference: {fileID: 0}
    - target: {fileID: 571313385828689706, guid: cb0d3b536373fec46b288112ea483850, type: 3}
      propertyPath: m_LocalRotation.z
      value: 0
      objectReference: {fileID: 0}
    - target: {fileID: 571313385828689706, guid: cb0d3b536373fec46b288112ea483850, type: 3}
      propertyPath: m_AnchoredPosition.x
      value: 0
      objectReference: {fileID: 0}
    - target: {fileID: 571313385828689706, guid: cb0d3b536373fec46b288112ea483850, type: 3}
      propertyPath: m_AnchoredPosition.y
      value: 0
      objectReference: {fileID: 0}
    - target: {fileID: 571313385828689706, guid: cb0d3b536373fec46b288112ea483850, type: 3}
      propertyPath: m_LocalEulerAnglesHint.x
      value: 0
      objectReference: {fileID: 0}
    - target: {fileID: 571313385828689706, guid: cb0d3b536373fec46b288112ea483850, type: 3}
      propertyPath: m_LocalEulerAnglesHint.y
      value: 0
      objectReference: {fileID: 0}
    - target: {fileID: 571313385828689706, guid: cb0d3b536373fec46b288112ea483850, type: 3}
      propertyPath: m_LocalEulerAnglesHint.z
      value: 0
      objectReference: {fileID: 0}
    - target: {fileID: 842911819610288006, guid: cb0d3b536373fec46b288112ea483850, type: 3}
      propertyPath: color.b
      value: 1
      objectReference: {fileID: 0}
    - target: {fileID: 842911819610288006, guid: cb0d3b536373fec46b288112ea483850, type: 3}
      propertyPath: color.g
      value: 0.3647059
      objectReference: {fileID: 0}
    - target: {fileID: 842911819610288006, guid: cb0d3b536373fec46b288112ea483850, type: 3}
      propertyPath: color.r
      value: 0.5019608
      objectReference: {fileID: 0}
    - target: {fileID: 842911821190277800, guid: cb0d3b536373fec46b288112ea483850, type: 3}
      propertyPath: m_Color.b
      value: 0.16470589
      objectReference: {fileID: 0}
    - target: {fileID: 842911821190277800, guid: cb0d3b536373fec46b288112ea483850, type: 3}
      propertyPath: m_Color.g
      value: 0.16470589
      objectReference: {fileID: 0}
    - target: {fileID: 842911821190277800, guid: cb0d3b536373fec46b288112ea483850, type: 3}
      propertyPath: m_Color.r
      value: 0.16470589
      objectReference: {fileID: 0}
    - target: {fileID: 2855188868524801009, guid: cb0d3b536373fec46b288112ea483850, type: 3}
      propertyPath: color.b
      value: 1
      objectReference: {fileID: 0}
    - target: {fileID: 2855188868524801009, guid: cb0d3b536373fec46b288112ea483850, type: 3}
      propertyPath: color.g
      value: 0.3647059
      objectReference: {fileID: 0}
    - target: {fileID: 2855188868524801009, guid: cb0d3b536373fec46b288112ea483850, type: 3}
      propertyPath: color.r
      value: 0.5019608
      objectReference: {fileID: 0}
    - target: {fileID: 2855188870030343903, guid: cb0d3b536373fec46b288112ea483850, type: 3}
      propertyPath: m_Color.b
      value: 0.16470589
      objectReference: {fileID: 0}
    - target: {fileID: 2855188870030343903, guid: cb0d3b536373fec46b288112ea483850, type: 3}
      propertyPath: m_Color.g
      value: 0.16470589
      objectReference: {fileID: 0}
    - target: {fileID: 2855188870030343903, guid: cb0d3b536373fec46b288112ea483850, type: 3}
      propertyPath: m_Color.r
      value: 0.16470589
      objectReference: {fileID: 0}
    - target: {fileID: 4596966674545533749, guid: cb0d3b536373fec46b288112ea483850, type: 3}
      propertyPath: color.b
      value: 1
      objectReference: {fileID: 0}
    - target: {fileID: 4596966674545533749, guid: cb0d3b536373fec46b288112ea483850, type: 3}
      propertyPath: color.g
      value: 0.3647059
      objectReference: {fileID: 0}
    - target: {fileID: 4596966674545533749, guid: cb0d3b536373fec46b288112ea483850, type: 3}
      propertyPath: color.r
      value: 0.5019608
      objectReference: {fileID: 0}
    - target: {fileID: 4596966675597174299, guid: cb0d3b536373fec46b288112ea483850, type: 3}
      propertyPath: m_Color.b
      value: 0.16470589
      objectReference: {fileID: 0}
    - target: {fileID: 4596966675597174299, guid: cb0d3b536373fec46b288112ea483850, type: 3}
      propertyPath: m_Color.g
      value: 0.16470589
      objectReference: {fileID: 0}
    - target: {fileID: 4596966675597174299, guid: cb0d3b536373fec46b288112ea483850, type: 3}
      propertyPath: m_Color.r
      value: 0.16470589
      objectReference: {fileID: 0}
    m_RemovedComponents: []
  m_SourcePrefab: {fileID: 100100000, guid: cb0d3b536373fec46b288112ea483850, type: 3}
--- !u!224 &5866228449096594297 stripped
RectTransform:
  m_CorrespondingSourceObject: {fileID: 3188941513834688290, guid: cb0d3b536373fec46b288112ea483850, type: 3}
  m_PrefabInstance: {fileID: 9018566936382774363}
  m_PrefabAsset: {fileID: 0}
--- !u!224 &8846710858978564151 stripped
RectTransform:
  m_CorrespondingSourceObject: {fileID: 571313384963671148, guid: cb0d3b536373fec46b288112ea483850, type: 3}
  m_PrefabInstance: {fileID: 9018566936382774363}
  m_PrefabAsset: {fileID: 0}
