%YAML 1.1
%TAG !u! tag:unity3d.com,2011:
--- !u!1 &269873050685168966
GameObject:
  m_ObjectHideFlags: 0
  m_CorrespondingSourceObject: {fileID: 0}
  m_PrefabInstance: {fileID: 0}
  m_PrefabAsset: {fileID: 0}
  serializedVersion: 6
  m_Component:
  - component: {fileID: 3277541321337334287}
  - component: {fileID: 7640024237960815766}
  m_Layer: 5
  m_Name: Connection
  m_TagString: Untagged
  m_Icon: {fileID: 0}
  m_NavMeshLayer: 0
  m_StaticEditorFlags: 0
  m_IsActive: 1
--- !u!224 &3277541321337334287
RectTransform:
  m_ObjectHideFlags: 0
  m_CorrespondingSourceObject: {fileID: 0}
  m_PrefabInstance: {fileID: 0}
  m_PrefabAsset: {fileID: 0}
  m_GameObject: {fileID: 269873050685168966}
  m_LocalRotation: {x: 0, y: 0, z: 0, w: 1}
  m_LocalPosition: {x: 0, y: 0, z: 0}
  m_LocalScale: {x: 1, y: 1, z: 1}
  m_ConstrainProportionsScale: 0
  m_Children:
  - {fileID: 3210918416947538792}
  m_Father: {fileID: 0}
  m_RootOrder: 0
  m_LocalEulerAnglesHint: {x: 0, y: 0, z: 0}
  m_AnchorMin: {x: 0.5, y: 0.5}
  m_AnchorMax: {x: 0.5, y: 0.5}
  m_AnchoredPosition: {x: 0, y: 0}
  m_SizeDelta: {x: 450, y: 450}
  m_Pivot: {x: 0.5, y: 0.5}
--- !u!114 &7640024237960815766
MonoBehaviour:
  m_ObjectHideFlags: 0
  m_CorrespondingSourceObject: {fileID: 0}
  m_PrefabInstance: {fileID: 0}
  m_PrefabAsset: {fileID: 0}
  m_GameObject: {fileID: 269873050685168966}
  m_Enabled: 1
  m_EditorHideFlags: 0
  m_Script: {fileID: 11500000, guid: 1ca4b71fbf6e41f895102999e1d3d339, type: 3}
  m_Name: 
  m_EditorClassIdentifier: 
  _selfRectTransform: {fileID: 3277541321337334287}
  _line: {fileID: 3004861519754145877}
  _lineImage: {fileID: 6001554777327900222}
  _circle: {fileID: 7619926093251122431}
  Target1: {fileID: 0}
  Target2: {fileID: 0}
  Progress: 0.986
  Color: {r: 1, g: 1, b: 1, a: 1}
--- !u!1 &2776211971595696304
GameObject:
  m_ObjectHideFlags: 0
  m_CorrespondingSourceObject: {fileID: 0}
  m_PrefabInstance: {fileID: 0}
  m_PrefabAsset: {fileID: 0}
  serializedVersion: 6
  m_Component:
  - component: {fileID: 3004861519754145877}
  - component: {fileID: 248544613129813499}
  - component: {fileID: 6001554777327900222}
  m_Layer: 5
  m_Name: Line
  m_TagString: Untagged
  m_Icon: {fileID: 0}
  m_NavMeshLayer: 0
  m_StaticEditorFlags: 0
  m_IsActive: 1
--- !u!224 &3004861519754145877
RectTransform:
  m_ObjectHideFlags: 0
  m_CorrespondingSourceObject: {fileID: 0}
  m_PrefabInstance: {fileID: 0}
  m_PrefabAsset: {fileID: 0}
  m_GameObject: {fileID: 2776211971595696304}
  m_LocalRotation: {x: -0, y: -0, z: -0, w: 1}
  m_LocalPosition: {x: 0, y: 0, z: 0}
  m_LocalScale: {x: 1, y: 1, z: 1}
  m_ConstrainProportionsScale: 0
  m_Children: []
  m_Father: {fileID: 3210918416947538792}
  m_RootOrder: 0
  m_LocalEulerAnglesHint: {x: 0, y: 0, z: 0}
  m_AnchorMin: {x: 1, y: 0.5}
  m_AnchorMax: {x: 1, y: 0.5}
  m_AnchoredPosition: {x: 0, y: 0}
  m_SizeDelta: {x: 103, y: 3}
  m_Pivot: {x: 1, y: 0.5}
--- !u!222 &248544613129813499
CanvasRenderer:
  m_ObjectHideFlags: 0
  m_CorrespondingSourceObject: {fileID: 0}
  m_PrefabInstance: {fileID: 0}
  m_PrefabAsset: {fileID: 0}
  m_GameObject: {fileID: 2776211971595696304}
  m_CullTransparentMesh: 1
--- !u!114 &6001554777327900222
MonoBehaviour:
  m_ObjectHideFlags: 0
  m_CorrespondingSourceObject: {fileID: 0}
  m_PrefabInstance: {fileID: 0}
  m_PrefabAsset: {fileID: 0}
  m_GameObject: {fileID: 2776211971595696304}
  m_Enabled: 1
  m_EditorHideFlags: 0
  m_Script: {fileID: 11500000, guid: fe87c0e1cc204ed48ad3b37840f39efc, type: 3}
  m_Name: 
  m_EditorClassIdentifier: 
  m_Material: {fileID: 0}
  m_Color: {r: 1, g: 1, b: 1, a: 1}
  m_RaycastTarget: 1
  m_RaycastPadding: {x: 0, y: 0, z: 0, w: 0}
  m_Maskable: 1
  m_OnCullStateChanged:
    m_PersistentCalls:
      m_Calls: []
  m_Sprite: {fileID: 0}
  m_Type: 3
  m_PreserveAspect: 0
  m_FillCenter: 1
  m_FillMethod: 4
  m_FillAmount: 0.352
  m_FillClockwise: 1
  m_FillOrigin: 0
  m_UseSpriteMesh: 0
  m_PixelsPerUnitMultiplier: 1
--- !u!1 &7152171024015373400
GameObject:
  m_ObjectHideFlags: 0
  m_CorrespondingSourceObject: {fileID: 0}
  m_PrefabInstance: {fileID: 0}
  m_PrefabAsset: {fileID: 0}
  serializedVersion: 6
  m_Component:
  - component: {fileID: 3210918416947538792}
  m_Layer: 5
  m_Name: Container
  m_TagString: Untagged
  m_Icon: {fileID: 0}
  m_NavMeshLayer: 0
  m_StaticEditorFlags: 0
  m_IsActive: 1
--- !u!224 &3210918416947538792
RectTransform:
  m_ObjectHideFlags: 0
  m_CorrespondingSourceObject: {fileID: 0}
  m_PrefabInstance: {fileID: 0}
  m_PrefabAsset: {fileID: 0}
  m_GameObject: {fileID: 7152171024015373400}
  m_LocalRotation: {x: 0, y: 0, z: 0, w: 1}
  m_LocalPosition: {x: 0, y: 0, z: 0}
  m_LocalScale: {x: 1, y: 1, z: 1}
  m_ConstrainProportionsScale: 0
  m_Children:
  - {fileID: 3004861519754145877}
  - {fileID: 2845118912037198786}
  m_Father: {fileID: 3277541321337334287}
  m_RootOrder: 0
  m_LocalEulerAnglesHint: {x: 0, y: 0, z: 0}
  m_AnchorMin: {x: 0, y: 0}
  m_AnchorMax: {x: 1, y: 1}
  m_AnchoredPosition: {x: 0, y: 0}
  m_SizeDelta: {x: 0, y: 0}
  m_Pivot: {x: 0.5, y: 0.5}
--- !u!1001 &7777715558186539216
PrefabInstance:
  m_ObjectHideFlags: 0
  serializedVersion: 2
  m_Modification:
    m_TransformParent: {fileID: 3210918416947538792}
    m_Modifications:
    - target: {fileID: 166797560840342575, guid: 9b99410199856da47b9164a5a5a5d8fe, type: 3}
      propertyPath: Angle
      value: 0.243
      objectReference: {fileID: 0}
    - target: {fileID: 166797560840342575, guid: 9b99410199856da47b9164a5a5a5d8fe, type: 3}
      propertyPath: Width
      value: 3
      objectReference: {fileID: 0}
    - target: {fileID: 166797560840342575, guid: 9b99410199856da47b9164a5a5a5d8fe, type: 3}
      propertyPath: m_Material
      value: 
      objectReference: {fileID: 0}
    - target: {fileID: 5518065697689027346, guid: 9b99410199856da47b9164a5a5a5d8fe, type: 3}
      propertyPath: m_Pivot.x
      value: 0.5
      objectReference: {fileID: 0}
    - target: {fileID: 5518065697689027346, guid: 9b99410199856da47b9164a5a5a5d8fe, type: 3}
      propertyPath: m_Pivot.y
      value: 0.5
      objectReference: {fileID: 0}
    - target: {fileID: 5518065697689027346, guid: 9b99410199856da47b9164a5a5a5d8fe, type: 3}
      propertyPath: m_RootOrder
      value: 1
      objectReference: {fileID: 0}
    - target: {fileID: 5518065697689027346, guid: 9b99410199856da47b9164a5a5a5d8fe, type: 3}
      propertyPath: m_AnchorMax.x
      value: 0.5
      objectReference: {fileID: 0}
    - target: {fileID: 5518065697689027346, guid: 9b99410199856da47b9164a5a5a5d8fe, type: 3}
      propertyPath: m_AnchorMax.y
      value: 0.5
      objectReference: {fileID: 0}
    - target: {fileID: 5518065697689027346, guid: 9b99410199856da47b9164a5a5a5d8fe, type: 3}
      propertyPath: m_AnchorMin.x
      value: 0.5
      objectReference: {fileID: 0}
    - target: {fileID: 5518065697689027346, guid: 9b99410199856da47b9164a5a5a5d8fe, type: 3}
      propertyPath: m_AnchorMin.y
      value: 0.5
      objectReference: {fileID: 0}
    - target: {fileID: 5518065697689027346, guid: 9b99410199856da47b9164a5a5a5d8fe, type: 3}
      propertyPath: m_SizeDelta.x
      value: 250
      objectReference: {fileID: 0}
    - target: {fileID: 5518065697689027346, guid: 9b99410199856da47b9164a5a5a5d8fe, type: 3}
      propertyPath: m_SizeDelta.y
      value: 250
      objectReference: {fileID: 0}
    - target: {fileID: 5518065697689027346, guid: 9b99410199856da47b9164a5a5a5d8fe, type: 3}
      propertyPath: m_LocalPosition.x
      value: 0
      objectReference: {fileID: 0}
    - target: {fileID: 5518065697689027346, guid: 9b99410199856da47b9164a5a5a5d8fe, type: 3}
      propertyPath: m_LocalPosition.y
      value: 0
      objectReference: {fileID: 0}
    - target: {fileID: 5518065697689027346, guid: 9b99410199856da47b9164a5a5a5d8fe, type: 3}
      propertyPath: m_LocalPosition.z
      value: 0
      objectReference: {fileID: 0}
    - target: {fileID: 5518065697689027346, guid: 9b99410199856da47b9164a5a5a5d8fe, type: 3}
      propertyPath: m_LocalRotation.w
      value: 1
      objectReference: {fileID: 0}
    - target: {fileID: 5518065697689027346, guid: 9b99410199856da47b9164a5a5a5d8fe, type: 3}
      propertyPath: m_LocalRotation.x
      value: -0
      objectReference: {fileID: 0}
    - target: {fileID: 5518065697689027346, guid: 9b99410199856da47b9164a5a5a5d8fe, type: 3}
      propertyPath: m_LocalRotation.y
      value: -0
      objectReference: {fileID: 0}
    - target: {fileID: 5518065697689027346, guid: 9b99410199856da47b9164a5a5a5d8fe, type: 3}
      propertyPath: m_LocalRotation.z
      value: -0
      objectReference: {fileID: 0}
    - target: {fileID: 5518065697689027346, guid: 9b99410199856da47b9164a5a5a5d8fe, type: 3}
      propertyPath: m_AnchoredPosition.x
      value: 0
      objectReference: {fileID: 0}
    - target: {fileID: 5518065697689027346, guid: 9b99410199856da47b9164a5a5a5d8fe, type: 3}
      propertyPath: m_AnchoredPosition.y
      value: 0
      objectReference: {fileID: 0}
    - target: {fileID: 5518065697689027346, guid: 9b99410199856da47b9164a5a5a5d8fe, type: 3}
      propertyPath: m_LocalEulerAnglesHint.x
      value: 0
      objectReference: {fileID: 0}
    - target: {fileID: 5518065697689027346, guid: 9b99410199856da47b9164a5a5a5d8fe, type: 3}
      propertyPath: m_LocalEulerAnglesHint.y
      value: 0
      objectReference: {fileID: 0}
    - target: {fileID: 5518065697689027346, guid: 9b99410199856da47b9164a5a5a5d8fe, type: 3}
      propertyPath: m_LocalEulerAnglesHint.z
      value: 0
      objectReference: {fileID: 0}
    - target: {fileID: 7870513216289788560, guid: 9b99410199856da47b9164a5a5a5d8fe, type: 3}
      propertyPath: m_Name
      value: CircleRadialFilled
      objectReference: {fileID: 0}
    m_RemovedComponents: []
  m_SourcePrefab: {fileID: 100100000, guid: 9b99410199856da47b9164a5a5a5d8fe, type: 3}
--- !u!224 &2845118912037198786 stripped
RectTransform:
  m_CorrespondingSourceObject: {fileID: 5518065697689027346, guid: 9b99410199856da47b9164a5a5a5d8fe, type: 3}
  m_PrefabInstance: {fileID: 7777715558186539216}
  m_PrefabAsset: {fileID: 0}
--- !u!114 &7619926093251122431 stripped
MonoBehaviour:
  m_CorrespondingSourceObject: {fileID: 166797560840342575, guid: 9b99410199856da47b9164a5a5a5d8fe, type: 3}
  m_PrefabInstance: {fileID: 7777715558186539216}
  m_PrefabAsset: {fileID: 0}
  m_GameObject: {fileID: 0}
  m_Enabled: 1
  m_EditorHideFlags: 0
  m_Script: {fileID: 11500000, guid: 53d28e869470406d8898471ee12ddcc6, type: 3}
  m_Name: 
  m_EditorClassIdentifier: 
