%YAML 1.1
%TAG !u! tag:unity3d.com,2011:
--- !u!1 &8350325582716360830
GameObject:
  m_ObjectHideFlags: 0
  m_CorrespondingSourceObject: {fileID: 0}
  m_PrefabInstance: {fileID: 0}
  m_PrefabAsset: {fileID: 0}
  serializedVersion: 6
  m_Component:
  - component: {fileID: 6432728719301685893}
  - component: {fileID: 5470187415001225939}
  - component: {fileID: 5323687939522195546}
  m_Layer: 5
  m_Name: Image
  m_TagString: Untagged
  m_Icon: {fileID: 0}
  m_NavMeshLayer: 0
  m_StaticEditorFlags: 0
  m_IsActive: 1
--- !u!224 &6432728719301685893
RectTransform:
  m_ObjectHideFlags: 0
  m_CorrespondingSourceObject: {fileID: 0}
  m_PrefabInstance: {fileID: 0}
  m_PrefabAsset: {fileID: 0}
  m_GameObject: {fileID: 8350325582716360830}
  m_LocalRotation: {x: -0, y: -0, z: -0, w: 1}
  m_LocalPosition: {x: 0, y: 0, z: 0}
  m_LocalScale: {x: 1, y: 1, z: 1}
  m_ConstrainProportionsScale: 0
  m_Children: []
  m_Father: {fileID: 8846710858978564151}
  m_RootOrder: 2
  m_LocalEulerAnglesHint: {x: 0, y: 0, z: 0}
  m_AnchorMin: {x: 0, y: 0}
  m_AnchorMax: {x: 0, y: 0}
  m_AnchoredPosition: {x: 0, y: 0}
  m_SizeDelta: {x: 80, y: 1}
  m_Pivot: {x: 0.5, y: 0.5}
--- !u!222 &5470187415001225939
CanvasRenderer:
  m_ObjectHideFlags: 0
  m_CorrespondingSourceObject: {fileID: 0}
  m_PrefabInstance: {fileID: 0}
  m_PrefabAsset: {fileID: 0}
  m_GameObject: {fileID: 8350325582716360830}
  m_CullTransparentMesh: 1
--- !u!114 &5323687939522195546
MonoBehaviour:
  m_ObjectHideFlags: 0
  m_CorrespondingSourceObject: {fileID: 0}
  m_PrefabInstance: {fileID: 0}
  m_PrefabAsset: {fileID: 0}
  m_GameObject: {fileID: 8350325582716360830}
  m_Enabled: 1
  m_EditorHideFlags: 0
  m_Script: {fileID: 11500000, guid: fe87c0e1cc204ed48ad3b37840f39efc, type: 3}
  m_Name: 
  m_EditorClassIdentifier: 
  m_Material: {fileID: 0}
  m_Color: {r: 1, g: 1, b: 1, a: 1}
  m_RaycastTarget: 1
  m_RaycastPadding: {x: 0, y: 0, z: 0, w: 0}
  m_Maskable: 1
  m_OnCullStateChanged:
    m_PersistentCalls:
      m_Calls: []
  m_Sprite: {fileID: 0}
  m_Type: 0
  m_PreserveAspect: 0
  m_FillCenter: 1
  m_FillMethod: 4
  m_FillAmount: 1
  m_FillClockwise: 1
  m_FillOrigin: 0
  m_UseSpriteMesh: 0
  m_PixelsPerUnitMultiplier: 1
--- !u!1001 &878678892900120355
PrefabInstance:
  m_ObjectHideFlags: 0
  serializedVersion: 2
  m_Modification:
    m_TransformParent: {fileID: 5866228449096594297}
    m_Modifications:
    - target: {fileID: 966518789376838374, guid: 85375f71b0669134e81f504b41da85af, type: 3}
      propertyPath: m_text
      value: "\u0411"
      objectReference: {fileID: 0}
    - target: {fileID: 1085642684077959090, guid: 85375f71b0669134e81f504b41da85af, type: 3}
      propertyPath: m_RaycastTarget
      value: 0
      objectReference: {fileID: 0}
    - target: {fileID: 8666899934449602116, guid: 85375f71b0669134e81f504b41da85af, type: 3}
      propertyPath: m_Name
      value: DiamondTexted (1)
      objectReference: {fileID: 0}
    - target: {fileID: 8666899934449602117, guid: 85375f71b0669134e81f504b41da85af, type: 3}
      propertyPath: color.b
      value: 0.6
      objectReference: {fileID: 0}
    - target: {fileID: 8666899934449602117, guid: 85375f71b0669134e81f504b41da85af, type: 3}
      propertyPath: color.g
      value: 0.6
      objectReference: {fileID: 0}
    - target: {fileID: 8666899934449602117, guid: 85375f71b0669134e81f504b41da85af, type: 3}
      propertyPath: color.r
      value: 0.6
      objectReference: {fileID: 0}
    - target: {fileID: 8715172201285611549, guid: 85375f71b0669134e81f504b41da85af, type: 3}
      propertyPath: m_Pivot.x
      value: 0.5
      objectReference: {fileID: 0}
    - target: {fileID: 8715172201285611549, guid: 85375f71b0669134e81f504b41da85af, type: 3}
      propertyPath: m_Pivot.y
      value: 0.5
      objectReference: {fileID: 0}
    - target: {fileID: 8715172201285611549, guid: 85375f71b0669134e81f504b41da85af, type: 3}
      propertyPath: m_RootOrder
      value: 1
      objectReference: {fileID: 0}
    - target: {fileID: 8715172201285611549, guid: 85375f71b0669134e81f504b41da85af, type: 3}
      propertyPath: m_AnchorMax.x
      value: 0.5
      objectReference: {fileID: 0}
    - target: {fileID: 8715172201285611549, guid: 85375f71b0669134e81f504b41da85af, type: 3}
      propertyPath: m_AnchorMax.y
      value: 0.5
      objectReference: {fileID: 0}
    - target: {fileID: 8715172201285611549, guid: 85375f71b0669134e81f504b41da85af, type: 3}
      propertyPath: m_AnchorMin.x
      value: 0.5
      objectReference: {fileID: 0}
    - target: {fileID: 8715172201285611549, guid: 85375f71b0669134e81f504b41da85af, type: 3}
      propertyPath: m_AnchorMin.y
      value: 0.5
      objectReference: {fileID: 0}
    - target: {fileID: 8715172201285611549, guid: 85375f71b0669134e81f504b41da85af, type: 3}
      propertyPath: m_SizeDelta.x
      value: 66
      objectReference: {fileID: 0}
    - target: {fileID: 8715172201285611549, guid: 85375f71b0669134e81f504b41da85af, type: 3}
      propertyPath: m_SizeDelta.y
      value: 66
      objectReference: {fileID: 0}
    - target: {fileID: 8715172201285611549, guid: 85375f71b0669134e81f504b41da85af, type: 3}
      propertyPath: m_LocalPosition.x
      value: 0
      objectReference: {fileID: 0}
    - target: {fileID: 8715172201285611549, guid: 85375f71b0669134e81f504b41da85af, type: 3}
      propertyPath: m_LocalPosition.y
      value: 0
      objectReference: {fileID: 0}
    - target: {fileID: 8715172201285611549, guid: 85375f71b0669134e81f504b41da85af, type: 3}
      propertyPath: m_LocalPosition.z
      value: 0
      objectReference: {fileID: 0}
    - target: {fileID: 8715172201285611549, guid: 85375f71b0669134e81f504b41da85af, type: 3}
      propertyPath: m_LocalRotation.w
      value: 1
      objectReference: {fileID: 0}
    - target: {fileID: 8715172201285611549, guid: 85375f71b0669134e81f504b41da85af, type: 3}
      propertyPath: m_LocalRotation.x
      value: 0
      objectReference: {fileID: 0}
    - target: {fileID: 8715172201285611549, guid: 85375f71b0669134e81f504b41da85af, type: 3}
      propertyPath: m_LocalRotation.y
      value: 0
      objectReference: {fileID: 0}
    - target: {fileID: 8715172201285611549, guid: 85375f71b0669134e81f504b41da85af, type: 3}
      propertyPath: m_LocalRotation.z
      value: 0
      objectReference: {fileID: 0}
    - target: {fileID: 8715172201285611549, guid: 85375f71b0669134e81f504b41da85af, type: 3}
      propertyPath: m_AnchoredPosition.x
      value: -376
      objectReference: {fileID: 0}
    - target: {fileID: 8715172201285611549, guid: 85375f71b0669134e81f504b41da85af, type: 3}
      propertyPath: m_AnchoredPosition.y
      value: 0
      objectReference: {fileID: 0}
    - target: {fileID: 8715172201285611549, guid: 85375f71b0669134e81f504b41da85af, type: 3}
      propertyPath: m_LocalEulerAnglesHint.x
      value: 0
      objectReference: {fileID: 0}
    - target: {fileID: 8715172201285611549, guid: 85375f71b0669134e81f504b41da85af, type: 3}
      propertyPath: m_LocalEulerAnglesHint.y
      value: 0
      objectReference: {fileID: 0}
    - target: {fileID: 8715172201285611549, guid: 85375f71b0669134e81f504b41da85af, type: 3}
      propertyPath: m_LocalEulerAnglesHint.z
      value: 0
      objectReference: {fileID: 0}
    - target: {fileID: 9211033300905544820, guid: 85375f71b0669134e81f504b41da85af, type: 3}
      propertyPath: key
      value: Target_B
      objectReference: {fileID: 0}
    m_RemovedComponents: []
  m_SourcePrefab: {fileID: 100100000, guid: 85375f71b0669134e81f504b41da85af, type: 3}
--- !u!1 &8392091072620689767 stripped
GameObject:
  m_CorrespondingSourceObject: {fileID: 8666899934449602116, guid: 85375f71b0669134e81f504b41da85af, type: 3}
  m_PrefabInstance: {fileID: 878678892900120355}
  m_PrefabAsset: {fileID: 0}
--- !u!1 &7235261224582901384 stripped
GameObject:
  m_CorrespondingSourceObject: {fileID: 7519180088992733611, guid: 85375f71b0669134e81f504b41da85af, type: 3}
  m_PrefabInstance: {fileID: 878678892900120355}
  m_PrefabAsset: {fileID: 0}
--- !u!114 &468321711309840411 stripped
MonoBehaviour:
  m_CorrespondingSourceObject: {fileID: 742638540076619576, guid: 85375f71b0669134e81f504b41da85af, type: 3}
  m_PrefabInstance: {fileID: 878678892900120355}
  m_PrefabAsset: {fileID: 0}
  m_GameObject: {fileID: 7235261224582901384}
  m_Enabled: 1
  m_EditorHideFlags: 0
  m_Script: {fileID: 11500000, guid: fe87c0e1cc204ed48ad3b37840f39efc, type: 3}
  m_Name: 
  m_EditorClassIdentifier: 
--- !u!114 &3052463188649324635
MonoBehaviour:
  m_ObjectHideFlags: 0
  m_CorrespondingSourceObject: {fileID: 0}
  m_PrefabInstance: {fileID: 0}
  m_PrefabAsset: {fileID: 0}
  m_GameObject: {fileID: 8392091072620689767}
  m_Enabled: 1
  m_EditorHideFlags: 0
  m_Script: {fileID: 11500000, guid: f6cbceabc5e04886bc5d143146851bc1, type: 3}
  m_Name: 
  m_EditorClassIdentifier: 
  _button: {fileID: 6443918031091364023}
--- !u!114 &6443918031091364023
MonoBehaviour:
  m_ObjectHideFlags: 0
  m_CorrespondingSourceObject: {fileID: 0}
  m_PrefabInstance: {fileID: 0}
  m_PrefabAsset: {fileID: 0}
  m_GameObject: {fileID: 7235261224582901384}
  m_Enabled: 1
  m_EditorHideFlags: 0
  m_Script: {fileID: 11500000, guid: 4e29b1a8efbd4b44bb3f3716e73f07ff, type: 3}
  m_Name: 
  m_EditorClassIdentifier: 
  m_Navigation:
    m_Mode: 3
    m_WrapAround: 0
    m_SelectOnUp: {fileID: 0}
    m_SelectOnDown: {fileID: 0}
    m_SelectOnLeft: {fileID: 0}
    m_SelectOnRight: {fileID: 0}
  m_Transition: 1
  m_Colors:
    m_NormalColor: {r: 1, g: 1, b: 1, a: 1}
    m_HighlightedColor: {r: 0.9607843, g: 0.9607843, b: 0.9607843, a: 1}
    m_PressedColor: {r: 0.78431374, g: 0.78431374, b: 0.78431374, a: 1}
    m_SelectedColor: {r: 0.9607843, g: 0.9607843, b: 0.9607843, a: 1}
    m_DisabledColor: {r: 0.78431374, g: 0.78431374, b: 0.78431374, a: 0.5019608}
    m_ColorMultiplier: 1
    m_FadeDuration: 0.1
  m_SpriteState:
    m_HighlightedSprite: {fileID: 0}
    m_PressedSprite: {fileID: 0}
    m_SelectedSprite: {fileID: 0}
    m_DisabledSprite: {fileID: 0}
  m_AnimationTriggers:
    m_NormalTrigger: Normal
    m_HighlightedTrigger: Highlighted
    m_PressedTrigger: Pressed
    m_SelectedTrigger: Selected
    m_DisabledTrigger: Disabled
  m_Interactable: 1
  m_TargetGraphic: {fileID: 468321711309840411}
  m_OnClick:
    m_PersistentCalls:
      m_Calls: []
--- !u!1001 &1592538747555721571
PrefabInstance:
  m_ObjectHideFlags: 0
  serializedVersion: 2
  m_Modification:
    m_TransformParent: {fileID: 8846710858978564151}
    m_Modifications:
    - target: {fileID: 2208101823210190160, guid: 5a3bc7a719cb7e14c8ad749f0ca0230f, type: 3}
      propertyPath: m_Name
      value: Text_AG_Regular
      objectReference: {fileID: 0}
    - target: {fileID: 3777682372047498269, guid: 5a3bc7a719cb7e14c8ad749f0ca0230f, type: 3}
      propertyPath: key
      value: SetCubeInBSlot
      objectReference: {fileID: 0}
    - target: {fileID: 4822838460533115742, guid: 5a3bc7a719cb7e14c8ad749f0ca0230f, type: 3}
      propertyPath: m_Pivot.x
      value: 0.5
      objectReference: {fileID: 0}
    - target: {fileID: 4822838460533115742, guid: 5a3bc7a719cb7e14c8ad749f0ca0230f, type: 3}
      propertyPath: m_Pivot.y
      value: 1
      objectReference: {fileID: 0}
    - target: {fileID: 4822838460533115742, guid: 5a3bc7a719cb7e14c8ad749f0ca0230f, type: 3}
      propertyPath: m_RootOrder
      value: 3
      objectReference: {fileID: 0}
    - target: {fileID: 4822838460533115742, guid: 5a3bc7a719cb7e14c8ad749f0ca0230f, type: 3}
      propertyPath: m_AnchorMax.x
      value: 0
      objectReference: {fileID: 0}
    - target: {fileID: 4822838460533115742, guid: 5a3bc7a719cb7e14c8ad749f0ca0230f, type: 3}
      propertyPath: m_AnchorMax.y
      value: 0
      objectReference: {fileID: 0}
    - target: {fileID: 4822838460533115742, guid: 5a3bc7a719cb7e14c8ad749f0ca0230f, type: 3}
      propertyPath: m_AnchorMin.x
      value: 0
      objectReference: {fileID: 0}
    - target: {fileID: 4822838460533115742, guid: 5a3bc7a719cb7e14c8ad749f0ca0230f, type: 3}
      propertyPath: m_AnchorMin.y
      value: 0
      objectReference: {fileID: 0}
    - target: {fileID: 4822838460533115742, guid: 5a3bc7a719cb7e14c8ad749f0ca0230f, type: 3}
      propertyPath: m_SizeDelta.x
      value: 600
      objectReference: {fileID: 0}
    - target: {fileID: 4822838460533115742, guid: 5a3bc7a719cb7e14c8ad749f0ca0230f, type: 3}
      propertyPath: m_SizeDelta.y
      value: 0
      objectReference: {fileID: 0}
    - target: {fileID: 4822838460533115742, guid: 5a3bc7a719cb7e14c8ad749f0ca0230f, type: 3}
      propertyPath: m_LocalPosition.x
      value: 0
      objectReference: {fileID: 0}
    - target: {fileID: 4822838460533115742, guid: 5a3bc7a719cb7e14c8ad749f0ca0230f, type: 3}
      propertyPath: m_LocalPosition.y
      value: 0
      objectReference: {fileID: 0}
    - target: {fileID: 4822838460533115742, guid: 5a3bc7a719cb7e14c8ad749f0ca0230f, type: 3}
      propertyPath: m_LocalPosition.z
      value: 0
      objectReference: {fileID: 0}
    - target: {fileID: 4822838460533115742, guid: 5a3bc7a719cb7e14c8ad749f0ca0230f, type: 3}
      propertyPath: m_LocalRotation.w
      value: 1
      objectReference: {fileID: 0}
    - target: {fileID: 4822838460533115742, guid: 5a3bc7a719cb7e14c8ad749f0ca0230f, type: 3}
      propertyPath: m_LocalRotation.x
      value: -0
      objectReference: {fileID: 0}
    - target: {fileID: 4822838460533115742, guid: 5a3bc7a719cb7e14c8ad749f0ca0230f, type: 3}
      propertyPath: m_LocalRotation.y
      value: -0
      objectReference: {fileID: 0}
    - target: {fileID: 4822838460533115742, guid: 5a3bc7a719cb7e14c8ad749f0ca0230f, type: 3}
      propertyPath: m_LocalRotation.z
      value: -0
      objectReference: {fileID: 0}
    - target: {fileID: 4822838460533115742, guid: 5a3bc7a719cb7e14c8ad749f0ca0230f, type: 3}
      propertyPath: m_AnchoredPosition.x
      value: 0
      objectReference: {fileID: 0}
    - target: {fileID: 4822838460533115742, guid: 5a3bc7a719cb7e14c8ad749f0ca0230f, type: 3}
      propertyPath: m_AnchoredPosition.y
      value: 0
      objectReference: {fileID: 0}
    - target: {fileID: 4822838460533115742, guid: 5a3bc7a719cb7e14c8ad749f0ca0230f, type: 3}
      propertyPath: m_LocalEulerAnglesHint.x
      value: 0
      objectReference: {fileID: 0}
    - target: {fileID: 4822838460533115742, guid: 5a3bc7a719cb7e14c8ad749f0ca0230f, type: 3}
      propertyPath: m_LocalEulerAnglesHint.y
      value: 0
      objectReference: {fileID: 0}
    - target: {fileID: 4822838460533115742, guid: 5a3bc7a719cb7e14c8ad749f0ca0230f, type: 3}
      propertyPath: m_LocalEulerAnglesHint.z
      value: 0
      objectReference: {fileID: 0}
    - target: {fileID: 7506153748956550609, guid: 5a3bc7a719cb7e14c8ad749f0ca0230f, type: 3}
      propertyPath: m_text
      value: "\u041F\u043E\u0441\u0442\u0430\u0432\u044C\u0442\u0435 \u043A\u0443\u0431\u0438\u043A
        \u0411 \u0432 \u0441\u043B\u043E\u0442"
      objectReference: {fileID: 0}
    - target: {fileID: 7506153748956550609, guid: 5a3bc7a719cb7e14c8ad749f0ca0230f, type: 3}
      propertyPath: m_fontSize
      value: 30
      objectReference: {fileID: 0}
    - target: {fileID: 7506153748956550609, guid: 5a3bc7a719cb7e14c8ad749f0ca0230f, type: 3}
      propertyPath: m_fontSizeBase
      value: 30
      objectReference: {fileID: 0}
    m_RemovedComponents: []
  m_SourcePrefab: {fileID: 100100000, guid: 5a3bc7a719cb7e14c8ad749f0ca0230f, type: 3}
--- !u!1001 &2083433443913483293
PrefabInstance:
  m_ObjectHideFlags: 0
  serializedVersion: 2
  m_Modification:
    m_TransformParent: {fileID: 8846710858978564151}
    m_Modifications:
    - target: {fileID: 1563780278707609117, guid: e7b2f7a66507ee941809516ec68fc4f6, type: 3}
      propertyPath: m_text
      value: 01 / 02
      objectReference: {fileID: 0}
    - target: {fileID: 1563780278707609117, guid: e7b2f7a66507ee941809516ec68fc4f6, type: 3}
      propertyPath: m_fontSize
      value: 24
      objectReference: {fileID: 0}
    - target: {fileID: 1563780278707609117, guid: e7b2f7a66507ee941809516ec68fc4f6, type: 3}
      propertyPath: m_lineSpacing
      value: 0
      objectReference: {fileID: 0}
    - target: {fileID: 1563780278707609117, guid: e7b2f7a66507ee941809516ec68fc4f6, type: 3}
      propertyPath: m_wordSpacing
      value: 0
      objectReference: {fileID: 0}
    - target: {fileID: 1563780278707609117, guid: e7b2f7a66507ee941809516ec68fc4f6, type: 3}
      propertyPath: m_fontSizeBase
      value: 24
      objectReference: {fileID: 0}
    - target: {fileID: 1563780278707609117, guid: e7b2f7a66507ee941809516ec68fc4f6, type: 3}
      propertyPath: m_characterSpacing
      value: 0
      objectReference: {fileID: 0}
    - target: {fileID: 7714175198351722179, guid: e7b2f7a66507ee941809516ec68fc4f6, type: 3}
      propertyPath: m_Enabled
      value: 0
      objectReference: {fileID: 0}
    - target: {fileID: 7797942541368490360, guid: e7b2f7a66507ee941809516ec68fc4f6, type: 3}
      propertyPath: m_Name
      value: Text_HB_Regular (1)
      objectReference: {fileID: 0}
    - target: {fileID: 8213191933928624968, guid: e7b2f7a66507ee941809516ec68fc4f6, type: 3}
      propertyPath: m_Pivot.x
      value: 0.5
      objectReference: {fileID: 0}
    - target: {fileID: 8213191933928624968, guid: e7b2f7a66507ee941809516ec68fc4f6, type: 3}
      propertyPath: m_Pivot.y
      value: 1
      objectReference: {fileID: 0}
    - target: {fileID: 8213191933928624968, guid: e7b2f7a66507ee941809516ec68fc4f6, type: 3}
      propertyPath: m_RootOrder
      value: 4
      objectReference: {fileID: 0}
    - target: {fileID: 8213191933928624968, guid: e7b2f7a66507ee941809516ec68fc4f6, type: 3}
      propertyPath: m_AnchorMax.x
      value: 0
      objectReference: {fileID: 0}
    - target: {fileID: 8213191933928624968, guid: e7b2f7a66507ee941809516ec68fc4f6, type: 3}
      propertyPath: m_AnchorMax.y
      value: 0
      objectReference: {fileID: 0}
    - target: {fileID: 8213191933928624968, guid: e7b2f7a66507ee941809516ec68fc4f6, type: 3}
      propertyPath: m_AnchorMin.x
      value: 0
      objectReference: {fileID: 0}
    - target: {fileID: 8213191933928624968, guid: e7b2f7a66507ee941809516ec68fc4f6, type: 3}
      propertyPath: m_AnchorMin.y
      value: 0
      objectReference: {fileID: 0}
    - target: {fileID: 8213191933928624968, guid: e7b2f7a66507ee941809516ec68fc4f6, type: 3}
      propertyPath: m_SizeDelta.x
      value: 600
      objectReference: {fileID: 0}
    - target: {fileID: 8213191933928624968, guid: e7b2f7a66507ee941809516ec68fc4f6, type: 3}
      propertyPath: m_SizeDelta.y
      value: 0
      objectReference: {fileID: 0}
    - target: {fileID: 8213191933928624968, guid: e7b2f7a66507ee941809516ec68fc4f6, type: 3}
      propertyPath: m_LocalPosition.x
      value: 0
      objectReference: {fileID: 0}
    - target: {fileID: 8213191933928624968, guid: e7b2f7a66507ee941809516ec68fc4f6, type: 3}
      propertyPath: m_LocalPosition.y
      value: 0
      objectReference: {fileID: 0}
    - target: {fileID: 8213191933928624968, guid: e7b2f7a66507ee941809516ec68fc4f6, type: 3}
      propertyPath: m_LocalPosition.z
      value: 0
      objectReference: {fileID: 0}
    - target: {fileID: 8213191933928624968, guid: e7b2f7a66507ee941809516ec68fc4f6, type: 3}
      propertyPath: m_LocalRotation.w
      value: 1
      objectReference: {fileID: 0}
    - target: {fileID: 8213191933928624968, guid: e7b2f7a66507ee941809516ec68fc4f6, type: 3}
      propertyPath: m_LocalRotation.x
      value: -0
      objectReference: {fileID: 0}
    - target: {fileID: 8213191933928624968, guid: e7b2f7a66507ee941809516ec68fc4f6, type: 3}
      propertyPath: m_LocalRotation.y
      value: -0
      objectReference: {fileID: 0}
    - target: {fileID: 8213191933928624968, guid: e7b2f7a66507ee941809516ec68fc4f6, type: 3}
      propertyPath: m_LocalRotation.z
      value: -0
      objectReference: {fileID: 0}
    - target: {fileID: 8213191933928624968, guid: e7b2f7a66507ee941809516ec68fc4f6, type: 3}
      propertyPath: m_AnchoredPosition.x
      value: 0
      objectReference: {fileID: 0}
    - target: {fileID: 8213191933928624968, guid: e7b2f7a66507ee941809516ec68fc4f6, type: 3}
      propertyPath: m_AnchoredPosition.y
      value: 0
      objectReference: {fileID: 0}
    - target: {fileID: 8213191933928624968, guid: e7b2f7a66507ee941809516ec68fc4f6, type: 3}
      propertyPath: m_LocalEulerAnglesHint.x
      value: 0
      objectReference: {fileID: 0}
    - target: {fileID: 8213191933928624968, guid: e7b2f7a66507ee941809516ec68fc4f6, type: 3}
      propertyPath: m_LocalEulerAnglesHint.y
      value: 0
      objectReference: {fileID: 0}
    - target: {fileID: 8213191933928624968, guid: e7b2f7a66507ee941809516ec68fc4f6, type: 3}
      propertyPath: m_LocalEulerAnglesHint.z
      value: 0
      objectReference: {fileID: 0}
    m_RemovedComponents: []
  m_SourcePrefab: {fileID: 100100000, guid: e7b2f7a66507ee941809516ec68fc4f6, type: 3}
--- !u!1001 &6844387399892260152
PrefabInstance:
  m_ObjectHideFlags: 0
  serializedVersion: 2
  m_Modification:
    m_TransformParent: {fileID: 8846710858978564151}
    m_Modifications:
    - target: {fileID: 1563780278707609117, guid: e7b2f7a66507ee941809516ec68fc4f6, type: 3}
      propertyPath: m_text
      value: "\u041C\u043E\u0436\u043D\u043E \u043B\u0438 \u0431\u044B\u0442\u044C
        \u0441\u043E\u0432\u0441\u0435\u043C \u0430\u043D\u043E\u043D\u0438\u043C\u043D\u044B\u043C
        \u0432 \u0438\u043D\u0442\u0435\u0440\u043D\u0435\u0442\u0435?"
      objectReference: {fileID: 0}
    - target: {fileID: 7714175198351722179, guid: e7b2f7a66507ee941809516ec68fc4f6, type: 3}
      propertyPath: key
      value: CanBeAnonimityInInternet
      objectReference: {fileID: 0}
    - target: {fileID: 7797942541368490360, guid: e7b2f7a66507ee941809516ec68fc4f6, type: 3}
      propertyPath: m_Name
      value: Text_HB_Regular
      objectReference: {fileID: 0}
    - target: {fileID: 8213191933928624968, guid: e7b2f7a66507ee941809516ec68fc4f6, type: 3}
      propertyPath: m_Pivot.x
      value: 0.5
      objectReference: {fileID: 0}
    - target: {fileID: 8213191933928624968, guid: e7b2f7a66507ee941809516ec68fc4f6, type: 3}
      propertyPath: m_Pivot.y
      value: 1
      objectReference: {fileID: 0}
    - target: {fileID: 8213191933928624968, guid: e7b2f7a66507ee941809516ec68fc4f6, type: 3}
      propertyPath: m_RootOrder
      value: 1
      objectReference: {fileID: 0}
    - target: {fileID: 8213191933928624968, guid: e7b2f7a66507ee941809516ec68fc4f6, type: 3}
      propertyPath: m_AnchorMax.x
      value: 0
      objectReference: {fileID: 0}
    - target: {fileID: 8213191933928624968, guid: e7b2f7a66507ee941809516ec68fc4f6, type: 3}
      propertyPath: m_AnchorMax.y
      value: 0
      objectReference: {fileID: 0}
    - target: {fileID: 8213191933928624968, guid: e7b2f7a66507ee941809516ec68fc4f6, type: 3}
      propertyPath: m_AnchorMin.x
      value: 0
      objectReference: {fileID: 0}
    - target: {fileID: 8213191933928624968, guid: e7b2f7a66507ee941809516ec68fc4f6, type: 3}
      propertyPath: m_AnchorMin.y
      value: 0
      objectReference: {fileID: 0}
    - target: {fileID: 8213191933928624968, guid: e7b2f7a66507ee941809516ec68fc4f6, type: 3}
      propertyPath: m_SizeDelta.x
      value: 600
      objectReference: {fileID: 0}
    - target: {fileID: 8213191933928624968, guid: e7b2f7a66507ee941809516ec68fc4f6, type: 3}
      propertyPath: m_SizeDelta.y
      value: 0
      objectReference: {fileID: 0}
    - target: {fileID: 8213191933928624968, guid: e7b2f7a66507ee941809516ec68fc4f6, type: 3}
      propertyPath: m_LocalPosition.x
      value: 0
      objectReference: {fileID: 0}
    - target: {fileID: 8213191933928624968, guid: e7b2f7a66507ee941809516ec68fc4f6, type: 3}
      propertyPath: m_LocalPosition.y
      value: 0
      objectReference: {fileID: 0}
    - target: {fileID: 8213191933928624968, guid: e7b2f7a66507ee941809516ec68fc4f6, type: 3}
      propertyPath: m_LocalPosition.z
      value: 0
      objectReference: {fileID: 0}
    - target: {fileID: 8213191933928624968, guid: e7b2f7a66507ee941809516ec68fc4f6, type: 3}
      propertyPath: m_LocalRotation.w
      value: 1
      objectReference: {fileID: 0}
    - target: {fileID: 8213191933928624968, guid: e7b2f7a66507ee941809516ec68fc4f6, type: 3}
      propertyPath: m_LocalRotation.x
      value: -0
      objectReference: {fileID: 0}
    - target: {fileID: 8213191933928624968, guid: e7b2f7a66507ee941809516ec68fc4f6, type: 3}
      propertyPath: m_LocalRotation.y
      value: -0
      objectReference: {fileID: 0}
    - target: {fileID: 8213191933928624968, guid: e7b2f7a66507ee941809516ec68fc4f6, type: 3}
      propertyPath: m_LocalRotation.z
      value: -0
      objectReference: {fileID: 0}
    - target: {fileID: 8213191933928624968, guid: e7b2f7a66507ee941809516ec68fc4f6, type: 3}
      propertyPath: m_AnchoredPosition.x
      value: 0
      objectReference: {fileID: 0}
    - target: {fileID: 8213191933928624968, guid: e7b2f7a66507ee941809516ec68fc4f6, type: 3}
      propertyPath: m_AnchoredPosition.y
      value: 0
      objectReference: {fileID: 0}
    - target: {fileID: 8213191933928624968, guid: e7b2f7a66507ee941809516ec68fc4f6, type: 3}
      propertyPath: m_LocalEulerAnglesHint.x
      value: 0
      objectReference: {fileID: 0}
    - target: {fileID: 8213191933928624968, guid: e7b2f7a66507ee941809516ec68fc4f6, type: 3}
      propertyPath: m_LocalEulerAnglesHint.y
      value: 0
      objectReference: {fileID: 0}
    - target: {fileID: 8213191933928624968, guid: e7b2f7a66507ee941809516ec68fc4f6, type: 3}
      propertyPath: m_LocalEulerAnglesHint.z
      value: 0
      objectReference: {fileID: 0}
    m_RemovedComponents: []
  m_SourcePrefab: {fileID: 100100000, guid: e7b2f7a66507ee941809516ec68fc4f6, type: 3}
--- !u!1001 &7655196671713874853
PrefabInstance:
  m_ObjectHideFlags: 0
  serializedVersion: 2
  m_Modification:
    m_TransformParent: {fileID: 1772598370480867604}
    m_Modifications:
    - target: {fileID: 2291703646352540415, guid: 3ba57df77b2a4fa4992268f3e5605db5, type: 3}
      propertyPath: m_Name
      value: YourComputer
      objectReference: {fileID: 0}
    - target: {fileID: 5355157229397979744, guid: 3ba57df77b2a4fa4992268f3e5605db5, type: 3}
      propertyPath: m_SizeDelta.x
      value: 0
      objectReference: {fileID: 0}
    - target: {fileID: 5355157229397979744, guid: 3ba57df77b2a4fa4992268f3e5605db5, type: 3}
      propertyPath: m_SizeDelta.y
      value: 0
      objectReference: {fileID: 0}
    - target: {fileID: 6459324151982598918, guid: 3ba57df77b2a4fa4992268f3e5605db5, type: 3}
      propertyPath: m_SizeDelta.x
      value: 0
      objectReference: {fileID: 0}
    - target: {fileID: 6459324151982598918, guid: 3ba57df77b2a4fa4992268f3e5605db5, type: 3}
      propertyPath: m_SizeDelta.y
      value: 0
      objectReference: {fileID: 0}
    - target: {fileID: 6780028114363809610, guid: 3ba57df77b2a4fa4992268f3e5605db5, type: 3}
      propertyPath: m_Pivot.x
      value: 0.5
      objectReference: {fileID: 0}
    - target: {fileID: 6780028114363809610, guid: 3ba57df77b2a4fa4992268f3e5605db5, type: 3}
      propertyPath: m_Pivot.y
      value: 0.5
      objectReference: {fileID: 0}
    - target: {fileID: 6780028114363809610, guid: 3ba57df77b2a4fa4992268f3e5605db5, type: 3}
      propertyPath: m_RootOrder
      value: 0
      objectReference: {fileID: 0}
    - target: {fileID: 6780028114363809610, guid: 3ba57df77b2a4fa4992268f3e5605db5, type: 3}
      propertyPath: m_AnchorMax.x
      value: 0.5
      objectReference: {fileID: 0}
    - target: {fileID: 6780028114363809610, guid: 3ba57df77b2a4fa4992268f3e5605db5, type: 3}
      propertyPath: m_AnchorMax.y
      value: 0.5
      objectReference: {fileID: 0}
    - target: {fileID: 6780028114363809610, guid: 3ba57df77b2a4fa4992268f3e5605db5, type: 3}
      propertyPath: m_AnchorMin.x
      value: 0.5
      objectReference: {fileID: 0}
    - target: {fileID: 6780028114363809610, guid: 3ba57df77b2a4fa4992268f3e5605db5, type: 3}
      propertyPath: m_AnchorMin.y
      value: 0.5
      objectReference: {fileID: 0}
    - target: {fileID: 6780028114363809610, guid: 3ba57df77b2a4fa4992268f3e5605db5, type: 3}
      propertyPath: m_SizeDelta.x
      value: 100
      objectReference: {fileID: 0}
    - target: {fileID: 6780028114363809610, guid: 3ba57df77b2a4fa4992268f3e5605db5, type: 3}
      propertyPath: m_SizeDelta.y
      value: 100
      objectReference: {fileID: 0}
    - target: {fileID: 6780028114363809610, guid: 3ba57df77b2a4fa4992268f3e5605db5, type: 3}
      propertyPath: m_LocalPosition.x
      value: 0
      objectReference: {fileID: 0}
    - target: {fileID: 6780028114363809610, guid: 3ba57df77b2a4fa4992268f3e5605db5, type: 3}
      propertyPath: m_LocalPosition.y
      value: 0
      objectReference: {fileID: 0}
    - target: {fileID: 6780028114363809610, guid: 3ba57df77b2a4fa4992268f3e5605db5, type: 3}
      propertyPath: m_LocalPosition.z
      value: 0
      objectReference: {fileID: 0}
    - target: {fileID: 6780028114363809610, guid: 3ba57df77b2a4fa4992268f3e5605db5, type: 3}
      propertyPath: m_LocalRotation.w
      value: 1
      objectReference: {fileID: 0}
    - target: {fileID: 6780028114363809610, guid: 3ba57df77b2a4fa4992268f3e5605db5, type: 3}
      propertyPath: m_LocalRotation.x
      value: 0
      objectReference: {fileID: 0}
    - target: {fileID: 6780028114363809610, guid: 3ba57df77b2a4fa4992268f3e5605db5, type: 3}
      propertyPath: m_LocalRotation.y
      value: 0
      objectReference: {fileID: 0}
    - target: {fileID: 6780028114363809610, guid: 3ba57df77b2a4fa4992268f3e5605db5, type: 3}
      propertyPath: m_LocalRotation.z
      value: 0
      objectReference: {fileID: 0}
    - target: {fileID: 6780028114363809610, guid: 3ba57df77b2a4fa4992268f3e5605db5, type: 3}
      propertyPath: m_AnchoredPosition.x
      value: 376
      objectReference: {fileID: 0}
    - target: {fileID: 6780028114363809610, guid: 3ba57df77b2a4fa4992268f3e5605db5, type: 3}
      propertyPath: m_AnchoredPosition.y
      value: 0
      objectReference: {fileID: 0}
    - target: {fileID: 6780028114363809610, guid: 3ba57df77b2a4fa4992268f3e5605db5, type: 3}
      propertyPath: m_LocalEulerAnglesHint.x
      value: 0
      objectReference: {fileID: 0}
    - target: {fileID: 6780028114363809610, guid: 3ba57df77b2a4fa4992268f3e5605db5, type: 3}
      propertyPath: m_LocalEulerAnglesHint.y
      value: 0
      objectReference: {fileID: 0}
    - target: {fileID: 6780028114363809610, guid: 3ba57df77b2a4fa4992268f3e5605db5, type: 3}
      propertyPath: m_LocalEulerAnglesHint.z
      value: 0
      objectReference: {fileID: 0}
    - target: {fileID: 8295303880033074401, guid: 3ba57df77b2a4fa4992268f3e5605db5, type: 3}
      propertyPath: m_AnchorMax.y
      value: 1
      objectReference: {fileID: 0}
    - target: {fileID: 8295303880033074401, guid: 3ba57df77b2a4fa4992268f3e5605db5, type: 3}
      propertyPath: m_AnchorMin.y
      value: 1
      objectReference: {fileID: 0}
    - target: {fileID: 8295303880033074401, guid: 3ba57df77b2a4fa4992268f3e5605db5, type: 3}
      propertyPath: m_SizeDelta.x
      value: 0
      objectReference: {fileID: 0}
    - target: {fileID: 8295303880033074401, guid: 3ba57df77b2a4fa4992268f3e5605db5, type: 3}
      propertyPath: m_SizeDelta.y
      value: 0
      objectReference: {fileID: 0}
    - target: {fileID: 8295303880033074401, guid: 3ba57df77b2a4fa4992268f3e5605db5, type: 3}
      propertyPath: m_AnchoredPosition.x
      value: 24
      objectReference: {fileID: 0}
    - target: {fileID: 8295303880033074401, guid: 3ba57df77b2a4fa4992268f3e5605db5, type: 3}
      propertyPath: m_AnchoredPosition.y
      value: -16
      objectReference: {fileID: 0}
    m_RemovedComponents: []
  m_SourcePrefab: {fileID: 100100000, guid: 3ba57df77b2a4fa4992268f3e5605db5, type: 3}
--- !u!1001 &7762156105124730816
PrefabInstance:
  m_ObjectHideFlags: 0
  serializedVersion: 2
  m_Modification:
    m_TransformParent: {fileID: 5866228449096594297}
    m_Modifications:
    - target: {fileID: 8666899934449602116, guid: 85375f71b0669134e81f504b41da85af, type: 3}
      propertyPath: m_Name
      value: DiamondTexted
      objectReference: {fileID: 0}
    - target: {fileID: 8666899934449602117, guid: 85375f71b0669134e81f504b41da85af, type: 3}
      propertyPath: color.b
      value: 0.6
      objectReference: {fileID: 0}
    - target: {fileID: 8666899934449602117, guid: 85375f71b0669134e81f504b41da85af, type: 3}
      propertyPath: color.g
      value: 0.6
      objectReference: {fileID: 0}
    - target: {fileID: 8666899934449602117, guid: 85375f71b0669134e81f504b41da85af, type: 3}
      propertyPath: color.r
      value: 0.6
      objectReference: {fileID: 0}
    - target: {fileID: 8715172201285611549, guid: 85375f71b0669134e81f504b41da85af, type: 3}
      propertyPath: m_Pivot.x
      value: 0.5
      objectReference: {fileID: 0}
    - target: {fileID: 8715172201285611549, guid: 85375f71b0669134e81f504b41da85af, type: 3}
      propertyPath: m_Pivot.y
      value: 0.5
      objectReference: {fileID: 0}
    - target: {fileID: 8715172201285611549, guid: 85375f71b0669134e81f504b41da85af, type: 3}
      propertyPath: m_RootOrder
      value: 0
      objectReference: {fileID: 0}
    - target: {fileID: 8715172201285611549, guid: 85375f71b0669134e81f504b41da85af, type: 3}
      propertyPath: m_AnchorMax.x
      value: 0.5
      objectReference: {fileID: 0}
    - target: {fileID: 8715172201285611549, guid: 85375f71b0669134e81f504b41da85af, type: 3}
      propertyPath: m_AnchorMax.y
      value: 0.5
      objectReference: {fileID: 0}
    - target: {fileID: 8715172201285611549, guid: 85375f71b0669134e81f504b41da85af, type: 3}
      propertyPath: m_AnchorMin.x
      value: 0.5
      objectReference: {fileID: 0}
    - target: {fileID: 8715172201285611549, guid: 85375f71b0669134e81f504b41da85af, type: 3}
      propertyPath: m_AnchorMin.y
      value: 0.5
      objectReference: {fileID: 0}
    - target: {fileID: 8715172201285611549, guid: 85375f71b0669134e81f504b41da85af, type: 3}
      propertyPath: m_SizeDelta.x
      value: 66
      objectReference: {fileID: 0}
    - target: {fileID: 8715172201285611549, guid: 85375f71b0669134e81f504b41da85af, type: 3}
      propertyPath: m_SizeDelta.y
      value: 66
      objectReference: {fileID: 0}
    - target: {fileID: 8715172201285611549, guid: 85375f71b0669134e81f504b41da85af, type: 3}
      propertyPath: m_LocalPosition.x
      value: 0
      objectReference: {fileID: 0}
    - target: {fileID: 8715172201285611549, guid: 85375f71b0669134e81f504b41da85af, type: 3}
      propertyPath: m_LocalPosition.y
      value: 0
      objectReference: {fileID: 0}
    - target: {fileID: 8715172201285611549, guid: 85375f71b0669134e81f504b41da85af, type: 3}
      propertyPath: m_LocalPosition.z
      value: 0
      objectReference: {fileID: 0}
    - target: {fileID: 8715172201285611549, guid: 85375f71b0669134e81f504b41da85af, type: 3}
      propertyPath: m_LocalRotation.w
      value: 1
      objectReference: {fileID: 0}
    - target: {fileID: 8715172201285611549, guid: 85375f71b0669134e81f504b41da85af, type: 3}
      propertyPath: m_LocalRotation.x
      value: 0
      objectReference: {fileID: 0}
    - target: {fileID: 8715172201285611549, guid: 85375f71b0669134e81f504b41da85af, type: 3}
      propertyPath: m_LocalRotation.y
      value: 0
      objectReference: {fileID: 0}
    - target: {fileID: 8715172201285611549, guid: 85375f71b0669134e81f504b41da85af, type: 3}
      propertyPath: m_LocalRotation.z
      value: 0
      objectReference: {fileID: 0}
    - target: {fileID: 8715172201285611549, guid: 85375f71b0669134e81f504b41da85af, type: 3}
      propertyPath: m_AnchoredPosition.x
      value: 376
      objectReference: {fileID: 0}
    - target: {fileID: 8715172201285611549, guid: 85375f71b0669134e81f504b41da85af, type: 3}
      propertyPath: m_AnchoredPosition.y
      value: 0
      objectReference: {fileID: 0}
    - target: {fileID: 8715172201285611549, guid: 85375f71b0669134e81f504b41da85af, type: 3}
      propertyPath: m_LocalEulerAnglesHint.x
      value: 0
      objectReference: {fileID: 0}
    - target: {fileID: 8715172201285611549, guid: 85375f71b0669134e81f504b41da85af, type: 3}
      propertyPath: m_LocalEulerAnglesHint.y
      value: 0
      objectReference: {fileID: 0}
    - target: {fileID: 8715172201285611549, guid: 85375f71b0669134e81f504b41da85af, type: 3}
      propertyPath: m_LocalEulerAnglesHint.z
      value: 0
      objectReference: {fileID: 0}
    m_RemovedComponents: []
  m_SourcePrefab: {fileID: 100100000, guid: 85375f71b0669134e81f504b41da85af, type: 3}
--- !u!1001 &9018566936382774363
PrefabInstance:
  m_ObjectHideFlags: 0
  serializedVersion: 2
  m_Modification:
    m_TransformParent: {fileID: 0}
    m_Modifications:
    - target: {fileID: 571313384963671148, guid: cb0d3b536373fec46b288112ea483850, type: 3}
      propertyPath: m_SizeDelta.y
      value: 0
      objectReference: {fileID: 0}
    - target: {fileID: 571313384963671148, guid: cb0d3b536373fec46b288112ea483850, type: 3}
      propertyPath: m_AnchoredPosition.y
      value: 0
      objectReference: {fileID: 0}
    - target: {fileID: 571313385828689705, guid: cb0d3b536373fec46b288112ea483850, type: 3}
      propertyPath: m_Name
      value: Screen_132
      objectReference: {fileID: 0}
    - target: {fileID: 571313385828689706, guid: cb0d3b536373fec46b288112ea483850, type: 3}
      propertyPath: m_Pivot.x
      value: 0.5
      objectReference: {fileID: 0}
    - target: {fileID: 571313385828689706, guid: cb0d3b536373fec46b288112ea483850, type: 3}
      propertyPath: m_Pivot.y
      value: 0.5
      objectReference: {fileID: 0}
    - target: {fileID: 571313385828689706, guid: cb0d3b536373fec46b288112ea483850, type: 3}
      propertyPath: m_RootOrder
      value: 0
      objectReference: {fileID: 0}
    - target: {fileID: 571313385828689706, guid: cb0d3b536373fec46b288112ea483850, type: 3}
      propertyPath: m_AnchorMax.x
      value: 1
      objectReference: {fileID: 0}
    - target: {fileID: 571313385828689706, guid: cb0d3b536373fec46b288112ea483850, type: 3}
      propertyPath: m_AnchorMax.y
      value: 1
      objectReference: {fileID: 0}
    - target: {fileID: 571313385828689706, guid: cb0d3b536373fec46b288112ea483850, type: 3}
      propertyPath: m_AnchorMin.x
      value: 0
      objectReference: {fileID: 0}
    - target: {fileID: 571313385828689706, guid: cb0d3b536373fec46b288112ea483850, type: 3}
      propertyPath: m_AnchorMin.y
      value: 0
      objectReference: {fileID: 0}
    - target: {fileID: 571313385828689706, guid: cb0d3b536373fec46b288112ea483850, type: 3}
      propertyPath: m_SizeDelta.x
      value: 0
      objectReference: {fileID: 0}
    - target: {fileID: 571313385828689706, guid: cb0d3b536373fec46b288112ea483850, type: 3}
      propertyPath: m_SizeDelta.y
      value: 0
      objectReference: {fileID: 0}
    - target: {fileID: 571313385828689706, guid: cb0d3b536373fec46b288112ea483850, type: 3}
      propertyPath: m_LocalPosition.x
      value: 0
      objectReference: {fileID: 0}
    - target: {fileID: 571313385828689706, guid: cb0d3b536373fec46b288112ea483850, type: 3}
      propertyPath: m_LocalPosition.y
      value: 0
      objectReference: {fileID: 0}
    - target: {fileID: 571313385828689706, guid: cb0d3b536373fec46b288112ea483850, type: 3}
      propertyPath: m_LocalPosition.z
      value: 0
      objectReference: {fileID: 0}
    - target: {fileID: 571313385828689706, guid: cb0d3b536373fec46b288112ea483850, type: 3}
      propertyPath: m_LocalRotation.w
      value: 1
      objectReference: {fileID: 0}
    - target: {fileID: 571313385828689706, guid: cb0d3b536373fec46b288112ea483850, type: 3}
      propertyPath: m_LocalRotation.x
      value: 0
      objectReference: {fileID: 0}
    - target: {fileID: 571313385828689706, guid: cb0d3b536373fec46b288112ea483850, type: 3}
      propertyPath: m_LocalRotation.y
      value: 0
      objectReference: {fileID: 0}
    - target: {fileID: 571313385828689706, guid: cb0d3b536373fec46b288112ea483850, type: 3}
      propertyPath: m_LocalRotation.z
      value: 0
      objectReference: {fileID: 0}
    - target: {fileID: 571313385828689706, guid: cb0d3b536373fec46b288112ea483850, type: 3}
      propertyPath: m_AnchoredPosition.x
      value: 0
      objectReference: {fileID: 0}
    - target: {fileID: 571313385828689706, guid: cb0d3b536373fec46b288112ea483850, type: 3}
      propertyPath: m_AnchoredPosition.y
      value: 0
      objectReference: {fileID: 0}
    - target: {fileID: 571313385828689706, guid: cb0d3b536373fec46b288112ea483850, type: 3}
      propertyPath: m_LocalEulerAnglesHint.x
      value: 0
      objectReference: {fileID: 0}
    - target: {fileID: 571313385828689706, guid: cb0d3b536373fec46b288112ea483850, type: 3}
      propertyPath: m_LocalEulerAnglesHint.y
      value: 0
      objectReference: {fileID: 0}
    - target: {fileID: 571313385828689706, guid: cb0d3b536373fec46b288112ea483850, type: 3}
      propertyPath: m_LocalEulerAnglesHint.z
      value: 0
      objectReference: {fileID: 0}
    - target: {fileID: 842911819610288006, guid: cb0d3b536373fec46b288112ea483850, type: 3}
      propertyPath: color.b
      value: 0.16470589
      objectReference: {fileID: 0}
    - target: {fileID: 842911819610288006, guid: cb0d3b536373fec46b288112ea483850, type: 3}
      propertyPath: color.g
      value: 0.16470589
      objectReference: {fileID: 0}
    - target: {fileID: 842911819610288006, guid: cb0d3b536373fec46b288112ea483850, type: 3}
      propertyPath: color.r
      value: 0.16470589
      objectReference: {fileID: 0}
    - target: {fileID: 842911821190277800, guid: cb0d3b536373fec46b288112ea483850, type: 3}
      propertyPath: m_Color.b
      value: 0.16470589
      objectReference: {fileID: 0}
    - target: {fileID: 842911821190277800, guid: cb0d3b536373fec46b288112ea483850, type: 3}
      propertyPath: m_Color.g
      value: 0.16470589
      objectReference: {fileID: 0}
    - target: {fileID: 842911821190277800, guid: cb0d3b536373fec46b288112ea483850, type: 3}
      propertyPath: m_Color.r
      value: 0.16470589
      objectReference: {fileID: 0}
    - target: {fileID: 2855188868524801009, guid: cb0d3b536373fec46b288112ea483850, type: 3}
      propertyPath: color.b
      value: 0.16470589
      objectReference: {fileID: 0}
    - target: {fileID: 2855188868524801009, guid: cb0d3b536373fec46b288112ea483850, type: 3}
      propertyPath: color.g
      value: 0.16470589
      objectReference: {fileID: 0}
    - target: {fileID: 2855188868524801009, guid: cb0d3b536373fec46b288112ea483850, type: 3}
      propertyPath: color.r
      value: 0.16470589
      objectReference: {fileID: 0}
    - target: {fileID: 2855188870030343903, guid: cb0d3b536373fec46b288112ea483850, type: 3}
      propertyPath: m_Color.b
      value: 0.16470589
      objectReference: {fileID: 0}
    - target: {fileID: 2855188870030343903, guid: cb0d3b536373fec46b288112ea483850, type: 3}
      propertyPath: m_Color.g
      value: 0.16470589
      objectReference: {fileID: 0}
    - target: {fileID: 2855188870030343903, guid: cb0d3b536373fec46b288112ea483850, type: 3}
      propertyPath: m_Color.r
      value: 0.16470589
      objectReference: {fileID: 0}
    - target: {fileID: 4596966674545533749, guid: cb0d3b536373fec46b288112ea483850, type: 3}
      propertyPath: color.b
      value: 0.16470589
      objectReference: {fileID: 0}
    - target: {fileID: 4596966674545533749, guid: cb0d3b536373fec46b288112ea483850, type: 3}
      propertyPath: color.g
      value: 0.16470589
      objectReference: {fileID: 0}
    - target: {fileID: 4596966674545533749, guid: cb0d3b536373fec46b288112ea483850, type: 3}
      propertyPath: color.r
      value: 0.16470589
      objectReference: {fileID: 0}
    - target: {fileID: 4596966675597174299, guid: cb0d3b536373fec46b288112ea483850, type: 3}
      propertyPath: m_Color.b
      value: 0.16470589
      objectReference: {fileID: 0}
    - target: {fileID: 4596966675597174299, guid: cb0d3b536373fec46b288112ea483850, type: 3}
      propertyPath: m_Color.g
      value: 0.16470589
      objectReference: {fileID: 0}
    - target: {fileID: 4596966675597174299, guid: cb0d3b536373fec46b288112ea483850, type: 3}
      propertyPath: m_Color.r
      value: 0.16470589
      objectReference: {fileID: 0}
    m_RemovedComponents: []
  m_SourcePrefab: {fileID: 100100000, guid: cb0d3b536373fec46b288112ea483850, type: 3}
--- !u!1 &8846710860984564594 stripped
GameObject:
  m_CorrespondingSourceObject: {fileID: 571313385828689705, guid: cb0d3b536373fec46b288112ea483850, type: 3}
  m_PrefabInstance: {fileID: 9018566936382774363}
  m_PrefabAsset: {fileID: 0}
--- !u!224 &5866228449096594297 stripped
RectTransform:
  m_CorrespondingSourceObject: {fileID: 3188941513834688290, guid: cb0d3b536373fec46b288112ea483850, type: 3}
  m_PrefabInstance: {fileID: 9018566936382774363}
  m_PrefabAsset: {fileID: 0}
--- !u!224 &1772598370480867604 stripped
RectTransform:
  m_CorrespondingSourceObject: {fileID: 7327895402410104143, guid: cb0d3b536373fec46b288112ea483850, type: 3}
  m_PrefabInstance: {fileID: 9018566936382774363}
  m_PrefabAsset: {fileID: 0}
--- !u!224 &8846710858978564151 stripped
RectTransform:
  m_CorrespondingSourceObject: {fileID: 571313384963671148, guid: cb0d3b536373fec46b288112ea483850, type: 3}
  m_PrefabInstance: {fileID: 9018566936382774363}
  m_PrefabAsset: {fileID: 0}
--- !u!95 &7785973588315946868
Animator:
  serializedVersion: 4
  m_ObjectHideFlags: 0
  m_CorrespondingSourceObject: {fileID: 0}
  m_PrefabInstance: {fileID: 0}
  m_PrefabAsset: {fileID: 0}
  m_GameObject: {fileID: 8846710860984564594}
  m_Enabled: 1
  m_Avatar: {fileID: 0}
  m_Controller: {fileID: 9100000, guid: eb47d9089e15ea0498a30c337295e700, type: 2}
  m_CullingMode: 0
  m_UpdateMode: 0
  m_ApplyRootMotion: 0
  m_LinearVelocityBlending: 0
  m_StabilizeFeet: 0
  m_WarningMessage: 
  m_HasTransformHierarchy: 1
  m_AllowConstantClipSamplingOptimization: 1
  m_KeepAnimatorControllerStateOnDisable: 0
--- !u!114 &-1629319313179007705
MonoBehaviour:
  m_ObjectHideFlags: 0
  m_CorrespondingSourceObject: {fileID: 0}
  m_PrefabInstance: {fileID: 0}
  m_PrefabAsset: {fileID: 0}
  m_GameObject: {fileID: 8846710860984564594}
  m_Enabled: 1
  m_EditorHideFlags: 0
  m_Script: {fileID: 11500000, guid: 0fdb0eb3e846430fac0bd1aa201011ea, type: 3}
  m_Name: 
  m_EditorClassIdentifier: 
  _targets:
  - {fileID: 3052463188649324635}
  Animator: {fileID: 7785973588315946868}
